3275 5650
99 482 212 549 Lmen
230 480 393 562 Saturn]
425 480 665 547 PRINCIPIA
690 480 1061 579 atnTHEMATwA.
1308 487 1381 547 ‘258

99 666 192 719 aucta
212 652 439 740 nonnunquam
460 654 589 717 dimidio
609 654 720 719 minuti
739 654 832 720 unius
854 654 991 731 secundi,
1012 674 1238 739 nonnunquam
1258 655 1381 719 minuto

99 762 239 827 secundo
261 774 338 827 toto.
385 762 548 827 cadebant
570 776 674 827 autem
694 764 809 827 rectius
830 764 933 829 vesica
954 762 1092 827 secunda
1105 774 1137 826 et
1151 775 1262 847 quarta
1280 761 1381 846 primi

98 870 183 944 vice3
198 881 231 933 et
244 870 348 953 prima
361 890 397 932 ac
411 870 503 933 tertia
516 868 652 933 secunde
667 869 745 935 vica
788 868 902 935 Vesica
924 868 1032 954 quinta
1052 889 1167 955 rugosa
1186 879 1253 933 erat
1274 880 1306 932 et
1325 890 1383 952 per

97 974 193 1066 rugas
217 1000 288 1042 suas
309 978 452 1042 nonnihil
468 978 691 1043 retardabatur.
735 978 915 1043 Diametros
936 976 1107 1041 vesicarum
1126 975 1321 1041 deducebam
1342 998 1383 1042 ex

96 1106 207 1149 earum
239 1084 491 1149 circumferentiis
524 1085 579 1149 filo
605 1084 788 1149 tenuissimo
815 1084 866 1149 bis
894 1081 1074 1147 obeundam
1102 1081 1294 1146 mensuratis.
1341 1083 1383 1147 Et

95 1188 252 1255 theoriam
266 1190 384 1255 contuli
399 1212 470 1255 cum
484 1191 704 1275 experimentis
719 1190 752 1253 in
767 1187 872 1253 tabuiis
887 1202 1044 1274 sequente,
1068 1188 1256 1251 assumendo
1277 1188 1381 1253 densi.

96 1312 194 1363 tatem
208 1300 288 1361 aiiris
303 1322 370 1363 esse
385 1300 426 1363 ad
440 1298 625 1363 densitatem
639 1321 729 1385 aquoe
741 1298 885 1383 pluvialis
899 1311 936 1361 ut
952 1308 967 1361 1
986 1298 1026 1361 ad
1040 1306 1114 1374 860,
1130 1298 1381 1382 etcomputando

78 1482 81 1491 Ι
97 1404 200 1489 spatia
213 1427 285 1490 quae
298 1405 384 1491 globi
398 1426 456 1489 per
469 1404 622 1471 theoriam
637 1403 676 1489 (¹¹)
691 1404 867 1467 describere
881 1404 1057 1467 debuerunt
1070 1402 1221 1468 cadendo.
1237 1429 1239 1434 ·

340 1654 346 1667 ·
447 1612 593 1691 Tempora
615 1612 722 1673 caden-
746 1611 856 1691 Spatia
871 1612 974 1673 iisdem
989 1620 1060 1673 tem-
1133 1590 1320 1694 Dfflereatz'a

371 1743 376 1755 .
412 1691 475 1759 'di
498 1698 537 1759 ab
560 1696 704 1759 altitndin
740 1696 867 1777 poribus
895 1697 1060 1759 describen-
1133 1697 1213 1757 inter
1227 1696 1320 1762 then.

377 1785 385 1802 ‘
627 1828 635 1845 .
750 1784 790 1843 da
798 1804 859 1863 per
872 1784 1026 1845 theoriam.
1129 1791 1159 1843 et
1175 1803 1275 1862 caper,

750 1928 807 1989 271
822 1924 894 2003 ped.
936 1930 971 1985 11
991 1922 1053 2004 dig.
1090 1933 1155 1985 -0
1161 1926 1234 2003 ped.
1260 1927 1357 2006 ldig.

137 2472 317 2539 Globornm
337 2474 433 2559 igitur
447 2486 511 2539 tam
525 2474 557 2537 in
572 2477 644 2538 aiire
659 2472 751 2559 quim
766 2474 798 2535 in
814 2472 893 2558 aqud
907 2485 1065 2536 motorum
1085 2475 1258 2541 resistentia
1277 2498 1377 2561 prope

91 2582 194 2645 omnis
208 2607 266 2669 per
280 2584 433 2649 theoriam
447 2598 584 2649 nostram
599 2598 683 2651 recte
697 2584 872 2661 exhibetur,
888 2604 925 2647 ac
939 2582 1084 2647 densitati
1097 2584 1277 2663 fluidorum,
1291 2586 1376 2669 pari·

91 2690 150 2753 bus
165 2692 333 2778 globorum
348 2693 560 2759 velocitatibus
575 2718 612 2757 ac
624 2692 897 2781 magnitudinibus,
912 2690 1152 2775 proportionalis
1166 2702 1222 2755 est.

136 2798 178 2865 In
192 2799 322 2880 scholi0,
339 2802 424 2886 quod
441 2802 521 2866 sect.
535 2802 593 2866 VI.
606 2802 802 2888 subjunctum
818 2810 874 2876 est,
891 2798 1080 2863 ostendimus
1090 2818 1148 2882 per
1162 2797 1374 2883 experimenta

89 2907 297 2990 pendulornm
321 2909 406 2995 quod
419 2911 585 2996 globorum
600 2911 766 2997 aequalium
780 2921 812 2974 et
825 2909 1060 2995 aequivelocinm
1076 2909 1109 2972 in
1122 2912 1205 2988 a‘e’re,
1228 2909 1318 2996 aqud,
1342 2922 1374 2976 et

89 3029 221 3100 argento
236 3015 306 3078 vivo
320 3029 477 3081 motorum
492 3019 673 3083 resistentiae
688 3029 760 3081 sunt
775 3031 809 3081 ut
823 3017 990 3080 fluidorum
1011 3015 1186 3081 densitates.
1231 3016 1265 3102 (¹)
1281 3017 1372 3080 Idan

88 3119 141 3183 hic
156 3122 348 3185 ostendimus
370 3123 469 3210 magis
491 3125 633 3189 accurate
648 3147 705 3209 per
720 3125 932 3208 experimenta
952 3143 1118 3207 corporum
1140 3123 1317 3187 cadentium
1337 3125 1371 3188 in

89 3229 161 3292 ae're
177 3240 209 3291 et
223 3229 312 3314 aquei.
358 3229 441 3294 Nam
455 3231 591 3316 pendula
606 3231 735 3318 singulis
751 3230 995 3294 oscillationibus
1008 3242 1128 3294 motum
1139 3231 1222 3295 cient
1232 3232 1370 3297 influido

89 3333 191 3396 motui
204 3334 333 3418 penduli
351 3336 508 3400 redeuntis
531 3359 653 3421 semper
674 3337 873 3413 contrarium,
898 3347 929 3398 et
947 3335 1120 3400 resistentia
1138 3339 1179 3401 ab
1199 3339 1261 3403 hoc
1281 3352 1370 3404 motu

88 3427 232 3518 oriunda,
256 3453 292 3504 ut
313 3453 345 3506 et
365 3444 537 3508 resistentia
551 3441 596 3506 fili
616 3466 679 3530 quo
699 3443 871 3528 pendulum
893 3443 1149 3526 suspendebatur,
1174 3457 1271 3509 totam
1291 3469 1369 3531 pen-

87 3547 155 3612 duli
170 3551 375 3616 resistentiam
389 3533 537 3638 majorem
556 3554 759 3618 reddiderunt
774 3552 867 3639 quiam
882 3554 1054 3619 resistentia
1076 3578 1147 3640 quae
1167 3578 1225 3641 per
1246 3558 1368 3641 experi-

86 3669 193 3720 menta
207 3680 373 3743 corporum
388 3662 563 3726 cadentium
583 3660 709 3746 prodiit.
755 3661 880 3726 Etenim
903 3682 960 3745 per
983 3662 1195 3746 experimenta
1215 3662 1368 3747 pendulo

120 3855 586 3918 (¹²)0Descritereuataaaarcatmn.
622 3859 711 3908 Erem-
742 3859 885 3908 velocitatem
897 3858 1023 3906 maximam
1034 3859 1193 3921 acquiritcum
1203 3859 1368 3923 qudpossitin
1440 3908 1443 3915 „

87 3919 120 3978 pii
132 3919 202 3966 causi
214 3921 331 3970 caleulum
342 3925 482 3972 tentabimus
496 3925 645 3985 experimenti
656 3939 711 3972 cum
742 3925 794 3970 abre
805 3922 950 3970 descendere.
987 3921 1043 3970 Hic
1054 3924 1172 3971 velocitate
1183 3925 1257 3972 vesica
1263 3937 1367 3985 tempore

86 3984 155 4030 tertia
165 3983 241 4030 vesica
252 3985 313 4032 facti
349 3987 430 4050 Hujus
441 3989 521 4036 vesicae
536 3989 648 4036 diameter
663 3997 712 4036 erat
742 3987 887 4033 minutorum
903 3986 1057 4033 secundorum
1076 3988 1123 4052 18}
1139 3987 1251 4036 describet
1266 3989 1366 4049 spatium

85 4051 129 4095 5.8
138 4046 265 4109 digitorum
272 4051 391 4110 etpondus
399 4052 424 4098 in
432 4053 484 4100 a'ere
491 4067 615 4115 granorum
624 4055 676 4106 187,
685 4057 708 4101 6.
743 4055 789 4099 677
801 4049 853 4111 ped.
867 4061 890 4097 et
901 4057 922 4096 8.
936 4050 1002 4113 digit
1020 4051 1115 4098 οἰκίων.
1151 4051 1300 4100 Subducatur
1314 4069 1366 4113 spa·

88 4111 182 4160 Globus
197 4112 256 4160 aeris
271 4113 384 4164 diametro
395 4116 521 4178 digitorum
532 4123 574 4166 5.8
584 4116 711 4175 dmriptus
742 4115 802 4162 tium
815 4120 837 4170 1,
845 4120 908 4163 8666
922 4113 993 4162 Fseu
1005 4119 1027 4163 ⁵.
1038 4115 1090 4176 ped.
1103 4125 1127 4163 et
1138 4121 1153 4163 8
1164 4115 1239 4178 digit,
1251 4125 1275 4164 et
1284 4131 1366 4164 mane·

85 4175 191 4226 continet
202 4181 233 4222 23
243 4192 316 4238 gruna
326 4193 395 4241 quarn
411 4180 530 4240 proxima
549 4180 613 4228 unde
630 4179 711 4228 vesicae
742 4181 802 4227 bunt
812 4182 859 4226 sta
870 4178 955 4238 pedem
970 4177 1025 4226 edm
1035 4179 1060 4225 in
1071 4180 1150 4226 nbula
1164 4180 1304 4230 accumtiore
1318 4182 1365 4228 cal.

84 4237 180 4300 pondm
195 4239 219 4285 in
236 4255 309 4290 meno
324 4253 373 4291 erat
387 4259 453 4306 gran.
469 4249 551 4302 160,5‚
562 4255 586 4293 et
595 4255 623 4292 ut
634 4250 664 4292 23
680 4243 711 4292 ed
741 4241 906 4290 culoconseeta
914 4241 1014 4302 spatium
1022 4243 1181 4302 pertbeoriam
1189 4243 1365 4292 describendum

86 4307 143 4359 160,
153 4307 168 4350 5
179 4303 212 4350 ita
222 4314 277 4350 sum
286 4315 339 4354 octo
348 4309 421 4356 tertia
429 4317 504 4368 partes
514 4309 619 4358 diametri
630 4307 710 4356 vesicae
742 4305 771 4353 sit
789 4311 835 4355 272
854 4306 906 4366 ped.
920 4315 944 4354 et
959 4311 974 4355 7
990 4306 1067 4370 digit,
1084 4317 1109 4354 et
1122 4308 1148 4353 in
1162 4308 1320 4368 experimento
1334 4309 1366 4358 sit

83 4397 128 4429 seu
140 4380 208 4444 digiti
222 4369 291 4450 1415}
301 4383 331 4431 ad
341 4385 441 4443 spatium
452 4391 467 4432 2
480 4385 507 4440 F,
519 4385 582 4450 quod
592 4386 624 4434 its
634 4386 710 4448 prodit
742 4373 788 4420 ²⁷2
798 4370 851 4431 ped·

84 4445 154 4509 digit
173 4451 211 4502 98,
221 4453 275 4496 626.
311 4449 395 4496 Vesica
411 4448 515 4497 cadendo
531 4452 556 4496 iu
572 4465 645 4498 vacuo
660 4459 709 4498 toto
775 4467 806 4531 (ι)
819 4471 833 4500 ο
845 4471 1114 4527 pmgkmm15mm,
1125 4471 1168 4518 pe·
1202 4471 1266 4522 Nam
1276 4473 1365 4521 theod,

83 4523 130 4557 ⁸¹¹⁰
140 4509 525 4576 P⁰¹¹d⁰¹²1⁶⁰r⁵ss¹⁸¹b2²mp⁰¹²
538 4513 624 4562 minuti
639 4515 710 4562 ”nim
743 4531 1053 4592 experimentiscontirmata,
1064 4534 1102 4580 cui
1111 4535 1238 4594 superiores
1244 4547 1364 4597 computa·

83 4589 182 4638 neundi
193 4590 300 4640 describit
311 4591 395 4654 digitos
408 4579 480 4656 1983,
492 4593 711 4653 aponderelam
742 4595 817 4641 tiones
837 4596 952 4654 nituntur,
973 4599 1083 4657 supponit
1097 4599 1255 4655 resistentiam,
1277 4600 1364 4648 caune

170 4654 279 4703 describit
294 4655 378 4718 digitos
396 4661 449 4713 165,
459 4663 514 4715 626,
526 4666 550 4704 et
560 4657 642 4704 eodem
652 4673 710 4720 pon·
742 4659 843 4718 paribus,
854 4675 904 4708 esse
914 4661 938 4706 in
949 4662 1036 4707 ratione
1047 4663 1173 4722 composite
1182 4680 1210 4711 er
1221 4666 1309 4711 ratione
1319 4663 1363 4708 du-

100 4733 141 4766 ere
153 4723 207 4774 137,
216 4725 231 4766 5
242 4735 308 4782 gram
321 4720 390 4766 etism
407 4719 431 4767 in
448 4737 522 4768 vacuo
537 4720 644 4768 describit
659 4735 712 4780 spa·
741 4721 827 4782 plicatis
837 4723 963 4772 velocitatis
972 4725 1064 4774 mobilia
1073 4736 1097 4774 et
1107 4728 1196 4776 ratione
1201 4726 1363 4788 simplieiden-

83 4783 145 4830 tium
159 4783 178 4830 F
190 4782 317 4846 digitorum
334 4789 373 4842 ts,
383 4789 430 4832 318
446 4795 554 4833 temnere
564 4785 598 4830 α’.
610 4789 671 4833 6466
687 4795 712 4833 ct
742 4787 815 4833 sitatis
825 4786 899 4844 fluidi
