3275 5650
95 365 388 461 statatum]
421 366 659 442 rarncrrrt
682 351 1052 436 uarusuamcr.
1316 389 1379 448 ρο,

138 538 207 602 cas.
230 543 261 602 2.
308 537 466 601 Ponamus
488 538 574 624 qubd
599 539 760 621 particulae
787 539 884 604 medii
912 541 947 604 in
975 541 1104 629 globum
1133 545 1182 609 vel
1204 549 1376 635 cylindrum

92 648 265 726 insidentes
288 670 353 712 non
376 633 591 725 reflectantur3
615 661 647 712 et
667 649 827 735 cylindrus
841 651 1007 715 incidendo
1028 655 1331 738 perpendiculariter,
1344 661 1377 724 in

91 755 261 838 particulas
284 756 456 840 simplicem
480 778 568 819 suam
590 755 785 819 velocitatem
809 757 884 838 ipsis
910 760 1158 839 communicabit,
1181 763 1314 850 ideisque
1329 779 1377 829 re-

92 863 264 926 sistentiam
277 863 395 946 petitur
408 862 506 945 duplo
519 861 673 925 minorem
687 859 781 947 quam
794 862 947 946 inpriore
963 885 1045 942 casu,
1063 878 1095 930 et
1109 868 1283 933 resistentia
1290 871 1378 958 globi

91 971 149 1035 crit
164 972 259 1036 etiam
273 971 370 1056 duplo
383 972 486 1034 minor
500 969 595 1057 quam
608 971 705 1054 prius.

136 1081 207 1143 Cas.
224 1089 254 1144 8.
299 1079 457 1142 Ponamus
480 1078 565 1162 qubd
586 1077 749 1159 particula
762 1077 859 1140 medii
874 1078 904 1140 ri
920 1079 1096 1144 reflexionis
1119 1103 1219 1168 neque
1241 1085 1377 1150 maximia

93 1206 197 1269 neque
213 1183 309 1260 nulli,
326 1184 382 1246 sed
396 1183 547 1246 mediocri
561 1182 663 1268 aliquit
678 1183 816 1246 resiliant
831 1207 850 1246 a
857 1183 970 1270 glob03
986 1197 1018 1250 et
1031 1188 1204 1254 resistentia
1218 1193 1304 1278 globi
1318 1195 1378 1258 erit

90 1290 124 1354 in
138 1288 250 1354 eadem
264 1290 384 1353 ratione
398 1290 550 1354 mediocri
563 1290 644 1352 inter
659 1289 864 1353 resistentiam
876 1290 910 1351 in
925 1292 1029 1374 primo
1043 1315 1116 1357 casu
1126 1307 1158 1358 et
1171 1297 1376 1364 resistentiam

89 1398 124 1461 in
138 1399 287 1462 secamdo.
332 1399 374 1475 Q.
391 1423 419 1464 e.
435 1401 457 1462 i.

134 1509 236 1572 Corol.
253 1517 281 1570 1.
327 1507 415 1570 Hinc
441 1508 467 1571 si
490 1507 604 1594 globus
626 1518 658 1577 et
678 1506 838 1598 particulae
861 1507 924 1570 sint
944 1507 1065 1572 infinite
1085 1509 1173 1588 dura,
1198 1525 1231 1576 et
1245 1515 1275 1576 vi
1291 1517 1377 1578 omni
1471 1578 1478 1590 ,

91 1613 226 1692 clasticd,
243 1628 274 1680 et
288 1627 454 1700 propterca
468 1615 561 1680 ctiam
575 1618 606 1678 vi
620 1617 706 1679 omni
720 1617 897 1681 reflexionis
912 1617 1077 1684 destituta:
1102 1622 1276 1687 resistentia
1288 1615 1376 1710 globi

91 1723 149 1786 crit
164 1723 205 1786 ad
219 1724 283 1785 vim
297 1722 358 1808 qud
373 1734 457 1786 totus
471 1725 537 1807 ejus
551 1736 655 1787 motus
669 1723 719 1787 vel
733 1724 847 1787 auferri
862 1725 960 1807 possit
974 1726 1022 1789 vel
1036 1730 1189 1812 generari,
1212 1751 1275 1814 quo
1296 1742 1376 1794 tem·

89 1850 168 1912 pore
181 1829 295 1916 globus
310 1841 443 1914 quatuor
457 1829 562 1892 tertias
577 1840 681 1912 partes
696 1829 839 1894 diametri
854 1851 919 1892 suae
934 1830 1090 1908 describit,
1107 1844 1142 1897 ut
1153 1834 1288 1898 densitas
1310 1857 1376 1900 me-

91 1934 135 1999 dii
148 1936 191 1998 ad
205 1935 391 2000 densitatem
404 1934 501 2020 globi.

135 2045 234 2107 Corol.
251 2051 282 2106 2.
328 2042 367 2126 (¹¹)
392 2041 580 2104 Resistentia
601 2040 697 2128 globi,
724 2041 844 2104 caeteris
865 2043 1003 2125 paribus,
1027 2057 1073 2108 est
1093 2045 1127 2108 in
1147 2045 1303 2130 duplicati
1325 2070 1376 2112 ra·

89 2148 175 2212 tione
189 2147 368 2211 velocitatis.
944 2137 950 2146 ’

135 2257 235 2319 Corol.
251 2263 281 2319 3.
313 2253 358 2337 (†)
375 2251 564 2332 Resistentia
577 2251 674 2339 globi,
691 2252 812 2316 caeteris
824 2251 962 2335 paribus,
978 2255 1072 2316 estin
1087 2254 1243 2338 duplicati
1255 2256 1375 2321 ratione

89 2361 245 2426 diametri.

135 2473 233 2535 Corol·
250 2477 281 2532 4.
326 2465 514 2530 Resistentia
527 2465 623 2552 globi,
640 2464 759 2528 caeteris
773 2463 911 2548 paribus,
929 2478 975 2529 est
989 2479 1024 2530 ut
1039 2467 1174 2532 densitas
1189 2470 1293 2533 medii.

135 2581 234 2643 Corol.
251 2587 280 2642 5.
327 2575 514 2640 Resistentia
534 2574 621 2662 globi
641 2586 689 2636 est
709 2574 742 2636 in
763 2573 882 2635 ratione
907 2593 978 2658 qua·
1000 2576 1196 2658 componitur
1211 2599 1251 2640 cx
1270 2577 1375 2662 dupli·
1428 2574 1430 2579 ’

88 2683 157 2750 eati
178 2684 299 2748 ratione
319 2682 489 2748 velocitatis
504 2694 537 2745 et
550 2679 708 2763 duplicati
730 2679 850 2742 ratione
870 2678 1012 2742 diametri
1027 2691 1058 2743 et
1072 2681 1191 2746 ratione
1213 2683 1373 2748 densitatis

87 2791 193 2857 medii.
766 2874 768 2876 Ι

137 2901 235 2963 Coroi.
251 2906 282 2963 6.
326 2896 370 2961 Et
382 2907 486 2960 motus
500 2894 587 2983 globi
600 2916 673 2957 cum
687 2894 753 2978 ejus
768 2892 942 2956 resistentia
963 2893 1007 2956 sic
1027 2894 1142 2977 exponi
1165 2906 1278 2977 potest
1325 2896 1372 2961 Sit
1385 2927 1386 2931 ¹

86 3008 120 3072 A
136 3008 166 3073 B
181 3020 304 3091 tempus
318 3028 381 3092 quo
395 3004 508 3091 globus
528 3026 587 3089 per
608 3002 812 3066 resistentiam
834 3023 921 3065 suam
943 3002 1136 3067 uniformiter
1161 3004 1371 3069 continuatam

86 3126 189 3179 totum
211 3130 303 3176 suum
325 3122 445 3175 motum
469 3110 611 3177 amittere
632 3120 743 3197 potest.
788 3108 842 3171 Ad
866 3107 941 3171 AB
967 3108 1125 3195 erigantur
1150 3102 1371 3192 perpendicula

87 3222 121 3284 A
135 3222 181 3297 D,
210 3219 238 3282 B
255 3218 291 3281 C.
339 3216 446 3302 Sitque
470 3214 499 3281 B
515 3216 544 3279 C
564 3226 666 3277 motus
681 3214 732 3277 ille
747 3224 839 3290 totus,
863 3226 895 3276 et
907 3235 965 3296 per
978 3226 1128 3297 punctum
1144 3214 1173 3277 C
1188 3215 1369 3300 asymptotis

119 3453 156 3517 (θ)
170 3456 182 3482 ⁰
195 3453 333 3501 Resistentio
347 3453 414 3512 globi,
433 3451 519 3497 entem
526 3450 629 3509 pardus,
646 3448 714 3493 estin
745 3444 847 3490 motibus
862 3442 902 3504 qui
918 3440 1053 3499 uniformes,
1071 3442 1152 3489 saltem
1169 3456 1239 3503 quam
1255 3442 1368 3504 proxime,

84 3514 207 3579 &plustri
217 3517 439 3563 ratimaelocitotir.
474 3517 487 3543 ⁹
501 3514 553 3559 Sint
563 3509 627 3573 globi
638 3524 714 3571 aequa-
746 3516 876 3562 censentur,
899 3521 955 3569 ergo
975 3506 1109 3553 resistentia
1130 3516 1369 3555 momentanearum

83 3596 122 3631 ,a
132 3581 159 3626 in
169 3579 251 3627 eodem
261 3578 339 3625 medio
349 3578 407 3625 moti
416 3575 505 3626 diversit
513 3591 567 3621 oum
576 3574 711 3629 velocium
743 3572 778 3617 bis
794 3579 822 3617 ut
836 3570 973 3625 velocitates,
992 3570 1037 3617 hoo
1053 3578 1088 3616 est
1106 3570 1131 3615 in
1148 3570 1236 3617 ratione
1251 3570 1369 3631 duplicati

82 3654 168 3693 motu·
177 3651 242 3691 totus
251 3642 476 3705 unmscujusqueast
484 3640 514 3687 ad
524 3648 613 3685 motum
625 3638 712 3695 abipso
743 3632 876 3681 velocitatis.

82 3707 289 3757 annotinum
309 3716 413 3765 tempora
427 3720 474 3767 qno
494 3703 553 3750 duas
570 3703 648 3749 tertias
662 3715 712 3747 suae
776 3698 814 3762 (†)
828 3702 841 3729 ¹
854 3698 991 3751 Resistentia
1004 3698 1070 3757 globi,
1082 3698 1277 3757 craterirparibue,
1293 3707 1325 3745 ert
1340 3700 1366 3745 in

81 3772 197 3820 &mati
216 3770 336 3832 parmrrit.
357 3778 385 3815 ut
398 3768 524 3819 densitates
540 3766 663 3828 globorum
682 3764 712 3810 ad
743 3760 1081 3822 duplicotdrationediametri·
1117 3762 1129 3789 *
1150 3760 1202 3805 Sint
1216 3760 1280 3821 globi
1295 3761 1365 3821 sequi·

82 3836 215 3883 denn'fflar
232 3833 371 3889 mediantur,
389 3829 487 3893 idedque
504 3846 532 3877 ex
549 3828 670 3890 hypothesi
686 3828 710 3872 in
742 3826 838 3881 veloces,
857 3822 923 3887 aqud
939 3823 1011 3877 densi,
1027 3822 1051 3867 in
1063 3820 1144 3867 eodem
1155 3821 1233 3868 medio
1245 3823 1308 3879 moti,
1326 3823 1366 3869 sed

82 3899 174 3947 andem
184 3898 280 3954 mtioue,
291 3912 348 3959 ergo
358 3896 428 3943 etiam
438 3894 546 3941 velocitas
556 3893 627 3940 unius
636 3880 676 3938 est'
681 3889 711 3938 ad
743 3889 838 3951 ditmare
854 3889 900 3934 sint
915 3900 994 3933 aarum
1005 3884 1118 3941 diatnetri,
1137 3884 1255 3947 fingantur
1266 3889 1313 3932 duo
1325 3900 1364 3946 cy.

81 3962 236 4011 velocitatem
250 3961 383 4009 elienor-ut
392 3967 470 4007 motus
480 3961 509 4005 ab
519 3957 566 4003 illis
581 3956 712 4004 communi·
743 3952 813 3999 lindri
824 3951 928 4013 ejusdem
940 3964 993 4011 cum
1005 3949 1032 3994 iis
1044 3948 1157 4005 diametri,
1175 3958 1198 3997 et
1208 3950 1278 3996 etiam
1294 3950 1366 4011 aqui.

81 4027 137 4076 toti
146 4026 289 4086 temporibus
302 4025 387 4087 quibus
402 4023 460 4069 duas
470 4022 547 4069 tertias
557 4035 650 4067 suarum
662 4019 711 4065 dia·
743 4016 832 4063 veloces
842 4024 866 4061 et
875 4030 941 4076 aque
951 4012 1023 4069 densi,
1041 4013 1173 4059 resistentie
1183 4028 1240 4075 quas
1250 4012 1366 4073 patientur

79 4100 219 4139 mmmm
232 4088 349 4201 ¹(hisqaniae
367 4088 453 4150 quippe
470 4081 639 4147 longitudines)
661 4097 712 4143 per-
743 4078 842 4141 cylindri
864 4076 962 4151 singulis
980 4076 1103 4141 momentis
1120 4086 1189 4124 erunt
1207 4084 1234 4124 ut
1254 4090 1366 4126 numerus

80 4164 291 4279 nieugdrmdtrinque
305 4216 411 4277 aquales,
428 4225 452 4262 et
462 4214 517 4276 quia
525 4211 653 4261 rabaam
663 4211 710 4256 sin-
743 4208 803 4255 tium
819 4216 874 4252 sunt
885 4214 911 4252 ut
927 4204 1038 4266 quadrata
1048 4204 1226 4251 diametrorum:
1246 4203 1286 4251 sad
1297 4204 1366 4251 facila

79 4282 155 4345 gutia
164 4281 294 4336 momentis,
306 4280 409 4341 ejusdem
419 4279 482 4341 globi
491 4285 604 4337 respectu,
621 4274 712 4322 unifor-
741 4270 814 4332 liquet
825 4269 962 4316 resistentias
968 4267 1126 4329 cylindrorum
1134 4276 1157 4325 et
1163 4266 1285 4328 globonnn
1293 4269 1366 4329 eqni.

80 4346 136 4392 mis
147 4354 261 4399 censetur,
275 4343 409 4394 roeiaenuoe
418 4353 587 4389 momentaneae
597 4348 666 4385 erunt
675 4336 710 4382 di-
742 4334 863 4391 velocium,
875 4332 978 4395 ejusdem
986 4330 1099 4389 diametri,
1110 4332 1135 4377 in
1144 4332 1225 4378 eodem
1233 4332 1366 4395 medioesea

80 4407 154 4457 nese
163 4417 191 4454 ut
200 4418 279 4455 monis
286 4406 365 4455 amissi
376 4416 399 4453 et
410 4404 497 4453 inverse
508 4413 535 4452 ut
544 4414 648 4462 tempora
662 4400 714 4464 qui·
744 4398 770 4445 in
781 4397 937 4453 dattranone,
949 4410 1006 4457 ergo
1016 4405 1044 4442 ut
1054 4395 1181 4441 resistentia
1187 4396 1257 4441 unius
1268 4395 1366 4456 cylindri

80 4476 132 4521 bus
145 4472 292 4529 amnunnu,
311 4470 351 4517 sed
367 4480 445 4518 motus
457 4462 535 4516 atr'tissi
549 4478 605 4515 sunt
615 4475 643 4513 ut
653 4465 715 4511 relo-
745 4463 776 4511 ad
786 4461 938 4509 resistentiam
945 4458 1044 4512 altanus,
1053 4458 1084 4505 ita
1090 4456 1216 4505 ratetum
1223 4460 1297 4513 unius
1302 4458 1366 4522 globi

82 4538 171 4585 e'ndet
186 4533 273 4583 duecte
283 4545 307 4582 et
317 4542 485 4595 temperarunt
495 4528 583 4579 inverse
593 4539 620 4578 ut
630 4528 714 4575 veloci·
746 4526 776 4573 ad
786 4524 937 4573 resistentiam
948 4523 1049 4578 alterins,
1066 4532 1121 4589 sunt
1131 4536 1187 4585 ergo
1197 4523 1320 4587 globorum
1330 4536 1365 4569 ta·

81 4610 156 4657 tetes,
173 4599 230 4662 quis
250 4598 352 4663 aquas
371 4596 529 4660 longitudines
549 4601 716 4657 percurruntur
746 4588 1014 4651 dsoendsutquedreto
1023 4586 1196 4635 mmmm.

117 4684 184 4732 Ver..
198 4684 237 4732 11.
719 4674 742 4724 0

267 4152 424 4199 ridenturills
433 4150 572 4210 temporeis
584 4157 658 4206 partes
668 4146 712 4191 mi·
743 4144 844 4203 partium
855 4144 945 4204 inques
956 4149 1084 4197 incurrunt,
1101 4140 1136 4185 illi
1147 4138 1201 4187 verti
1211 4143 1302 4186 numeri
1313 4155 1366 4200 par.
1463 4165 1466 4175 .
1558 4150 1561 4157 ·
