3275 5650
475 559 915 651 MONI'liUM.
1038 621 1041 630 -

112 798 213 870 lurssu
230 799 351 865 tandem
372 799 602 886 Principiorum
620 799 919 866 Mathematioorum
942 799 1021 866 Pars
1042 801 1076 864 in
1097 799 1201 866 lucem
1219 796 1339 890 prodit.

110 907 273 976 lleMotibus
295 905 473 992 Corporum
494 907 527 970 in
550 905 661 972 Medio
685 907 861 972 Resisteutc
882 907 986 994 agitur
1006 907 1204 992 potissimum
1224 909 1258 971 in
1279 907 1341 972 hoc

111 1011 349 1078 secundoNevvtoni
358 1010 468 1076 Libro.
493 1011 574 1076 Rern
583 1009 771 1076 difficultatis
781 1011 906 1096 plenam
919 1023 1036 1076 norunt
1044 1035 1168 1090 omnes;
1183 1012 1228 1076 ita
1237 1024 1343 1077 tamen

108 1131 175 1183 rosus
194 1117 360 1182 studuimus
382 1115 619 1182 accommodare
635 1117 868 1184 Commentario
888 1129 924 1182 ut
944 1117 982 1182 iis
1004 1118 1058 1204 qui
1078 1121 1112 1182 in
1133 1119 1228 1204 primi
1252 1118 1344 1184 Ldrri

109 1226 196 1290 lectione
216 1223 248 1288 ed
273 1223 334 1310 qud
358 1245 418 1310 pur
440 1237 488 1290 est
510 1223 671 1312 diligenti&
697 1237 728 1290 et
753 1226 925 1291 attentione
950 1225 1066 1292 fuerint
1088 1227 1212 1306 versati,
1241 1227 1344 1294 facilia

107 1333 213 1417 plusque
233 1331 337 1396 omnic
361 1331 468 1396 futura
496 1353 564 1396 esse
587 1352 757 1418 speremus.
803 1333 873 1396 Nec
895 1333 969 1398 sctis
990 1333 1082 1398 nobis
1106 1333 1166 1399 fuit
1193 1334 1346 1419 proeclsra

108 1439 181 1502 dniss.
193 1439 304 1504 autoris
318 1439 444 1503 inventa
458 1438 624 1524 explicare,
646 1438 779 1524 nosipsi
793 1460 918 1526 quoque
931 1461 992 1503 usu
1005 1439 1171 1504 didicimus
1192 1439 1345 1504 nonnulla

106 1543 216 1608 interddm
236 1545 375 1610 invenire
389 1567 462 1631 quas
473 1543 538 1609 hdo
552 1557 584 1610 et
597 1544 672 1610 illdc
685 1546 719 1610 in
733 1546 849 1610 nostris
865 1545 1106 1610 Commentariis
1119 1546 1257 1610 inserere
1278 1545 1347 1612 ausi

107 1677 184 1718 sunus.
224 1655 285 1720 Sed
307 1653 394 1741 quod
413 1654 585 1720 maximum
599 1667 646 1720 est
659 1655 790 1742 hujusce
812 1655 929 1740 Operis
947 1655 1043 1720 decus
1064 1668 1097 1720 et
1115 1669 1344 1734 ornamentum,

105 1783 154 1824 ruva
164 1761 386 1846 quamplurima
400 1761 571 1826 doctissimi
587 1761 696 1826 Euleri
712 1762 922 1840 Problemata,
937 1783 1009 1848 quoe
1022 1763 1056 1825 in
1070 1762 1197 1849 egregio
1212 1761 1346 1827 Mechs·

101 1869 248 1954 uices-opere
262 1869 422 1958 leguntur,
438 1869 623 1936 addidimus.
661 1872 796 1936 Nostros
808 1871 902 1936 etisrn
912 1869 1036 1936 abundis
1045 1872 1237 1957 locupletant
1249 1871 1347 1936 Com·

101 1979 223 2040 sestarios
231 1979 371 2062 pretiose
379 1993 583 2044 monuments
592 1961 706 2066 quibus
715 1981 797 2046 Acta
809 1981 1015 2047 Eruditorunr
1025 1982 1202 2068 Lipsiensis
1211 2003 1346 2046 exorna-

98 2097 143 2148 nrt
153 2083 256 2150 clariss.
271 2087 333 2150 viri
347 2087 485 2152 Joannes
500 2100 532 2152 et
545 2088 662 2178 Daniel
678 2087 887 2154 Bemoullius.
933 2090 1064 2158 Silentio
1074 2089 1202 2154 tandem
1215 2100 1347 2174 praeter·

98 2193 226 2259 mittendus
239 2219 306 2260 non
322 2209 369 2262 est
382 2197 607 2263 illustrissimus
620 2198 880 2286 doctissimusque
896 2199 1044 2277 Polenus,
1060 2200 1150 2284 cujus
1164 2198 1291 2284 elegans
1305 2197 1347 2262 de

96 2299 296 2386 lugarithmicae
308 2303 549 2370 Constructione
565 2305 717 2390 Epistola,
726 2306 941 2392 nonnullaque
954 2306 996 2371 dc
1007 2305 1105 2370 Motu
1115 2304 1280 2391 Aqusrum
1291 2325 1348 2367 ex-

95 2410 228 2490 perimenta
240 2413 335 2477 nobis
349 2413 519 2498 plurimrlm
533 2415 689 2500 profuere.
736 2416 799 2482 Sed
814 2415 911 2504 longe
923 2418 1043 2502 maJ'ors
1057 2428 1130 2480 sunt
1140 2412 1234 2501 qudm
1245 2412 1348 2477 verbis

94 2519 191 2601 exprimi
203 2521 343 2604 possint.
352 2521 393 2586 de
406 2521 468 2586 hoc
481 2523 628 2588 universo
640 2547 736 2610 opere
751 2525 868 2590 clariss.
884 2525 943 2590 viri
953 2525 1046 2613 Jonn.
1062 2523 1217 2589 Ludovici
1233 2523 1366 2586 Calan--

92 2621 145 2687 lriui
161 2626 281 2704 merita,
304 2627 370 2714 qui,
394 2625 503 2692 endem
524 2652 619 2716 quam
639 2630 734 2716 primi
749 2632 841 2696 Libri
854 2632 944 2696 initio
958 2631 1164 2709 laudavimus,
1187 2628 1349 2717 diligentis

73 2755 74 2818 3
89 2729 265 2820 uddessdque
281 2735 358 2800 cuni
373 2735 447 2802 huic
461 2739 608 2804 secunda
624 2740 712 2804 Parti
725 2741 907 2829 invigilavit.

112 2842 414 2929 deprehendendum
435 2847 541 2912 multis
566 2848 698 2913 fortusse
720 2848 876 2913 videbitur
900 2848 988 2933 quod
1012 2848 1149 2913 oblatam
1170 2844 1352 2943 frequenter

87 2954 245 3019 occasionem
260 2958 352 3043 qussi
367 2979 385 3020 e
399 2958 543 3029 menibus
557 2957 758 3035 dimittentes,
774 2956 995 3023 celeberrimas
1003 2952 1263 3041 philosophorum
1273 2976 1349 3017 con·

85 3060 219 3125 troversiss
248 3062 304 3127 vel
333 3062 461 3126 omnind
489 3064 668 3129 omittamus
696 3064 747 3129 vel
775 3064 884 3129 leviter
912 3063 1066 3127 duntuxat
1092 3061 1348 3147 persningnmns.

84 3162 173 3231 lerdm
187 3169 292 3234 sciant
306 3192 379 3233 eum
393 3169 487 3235 fuisse
502 3171 648 3236 Nevrtoni
663 3193 794 3257 scopum
803 3193 895 3256 cquo
902 3193 944 3235 ne
951 3170 1050 3235 lutum
1064 3190 1203 3255 unguem
1213 3165 1349 3231 maxime

82 3270 202 3339 vellemus
217 3275 394 3353 discedere,
417 3288 453 3341 ut
466 3276 627 3365 ingeniosa
641 3281 767 3365 quoquc
781 3289 983 3365 systematum
997 3288 1173 3341 commenta
1187 3298 1206 3338 e
1219 3272 1348 3360 physicis

83 3376 227 3448 eliminaret
249 3397 348 3469 atque
369 3384 560 3472 profligaret.
605 3386 674 3451 Nos
688 3386 796 3472 itaque
809 3408 829 3449 n
840 3384 1066 3471 philosophicis
1086 3382 1194 3462 litibus
1213 3378 1349 3443 muxlmd

80 3494 164 3569 aversi,
184 3493 408 3557 altercationes
422 3516 545 3559 summo
559 3494 663 3559 studio
685 3494 920 3559 declinavimus.
963 3493 1030 3557 Tot
1049 3493 1178 3577 insuper
1198 3511 1279 3553 nova
1299 3488 1349 3551 his
1441 3531 1446 3550 .

77 3595 196 3667 derebus
206 3604 337 3690 ,scripta
351 3602 492 3689 quotidie
514 3603 774 3667 circumferuntur
790 3615 825 3667 ut
840 3603 919 3689 justi
933 3601 1036 3686 operis
1050 3599 1165 3664 molem
1184 3597 1350 3663 excederet

77 3702 279 3879 hffiuudus
297 3711 406 3790 Liber,
429 3711 456 3775 si
471 3712 645 3777 recentiora
659 3711 816 3797 explicare
829 3710 1071 3799 aggrederemur
1090 3705 1350 3791 philosophorum

124 3837 132 3876 1
162 3864 171 3881 .

75 3830 88 3893 p
100 3918 180 3985 Hanc
189 3923 370 3987 secundam
377 3924 494 3989 laboris
503 3924 603 3988 nostri
612 3936 733 4009 partem
743 3921 879 4011 benign&
888 3920 1046 4007 excipiunt
1054 3918 1350 3991 Mathemaficamm

73 4022 305 4113 Disciplinarum
327 4030 495 4110 candidati,
527 4032 716 4120 tertiumque
736 4032 865 4099 tandem
886 4044 918 4097 et
936 4031 1078 4097 nltimam
1099 4050 1182 4093 suno
1206 4024 1349 4113 proxime

73 4126 152 4197 tuturo
166 4147 351 4220 expectent.

113 4332 188 4379 Romu
201 4336 230 4382 in
247 4334 320 4395 Regio
333 4334 452 4383 conventu
460 4335 515 4382 88²·
533 4334 658 4383 Trinitatis.

311 4418 383 4465 Anno
397 4410 466 4465 1'740.
