3275 5650
309 450 349 504 14
615 439 955 508 PHILOSOPHIAE
976 436 1248 516 NATURALIS
1313 437 1567 518 [Monconros
1595 484 1598 488 -

304 626 368 679 tas:
386 613 424 698 (Ι)
440 612 499 676 erit
512 609 743 688 decrementum
757 610 927 675 velocitatis
943 610 1072 696 singulis
1087 608 1235 695 temporis
1250 609 1408 694 particulis
1421 620 1458 673 nt
1472 609 1575 673 eadem

303 721 459 785 velocitas.
505 719 585 783 Sunt
598 741 675 808 ergo
689 719 866 782 velocitates
880 717 1061 781 differentiis
1076 718 1141 781 suis
1155 717 1415 802 proportionales,
1439 729 1472 782 et
1485 738 1576 800 prop-

302 842 387 894 terea
410 832 480 912 (per
494 827 583 891 Lem.
599 827 627 892 I.
645 827 714 890 Lib.
731 828 790 909 ΙΙ.)
814 826 960 890 continue
980 826 1239 912 proportionales.
1285 826 1322 911 (θ)
1347 826 1485 890 Proinde
1500 826 1525 889 si
1538 848 1577 890 ex

301 937 414 1022 aequali
438 934 662 1019 particularum
683 953 813 998 numero
837 949 1065 1018 componantur
1089 947 1232 1019 tempora
1254 933 1408 1020 'quaelibet
1435 935 1574 1021 aequalia,

253 1092 257 1098 »
302 1055 394 1108 erunt
408 1042 583 1107 velocitates
598 1041 671 1126 ipsis
694 1053 870 1126 temporum
892 1041 996 1119 initiis,
1024 1055 1059 1106 ut
1079 1042 1205 1106 termini
1219 1043 1252 1105 in
1267 1043 1485 1132 progressione
1506 1065 1578 1108 con·

301 1148 398 1225 tinud,
421 1148 475 1234 qui
495 1168 552 1232 per
574 1147 687 1211 saltum
702 1147 866 1232 capiuntur
880 1147 996 1210 omisso
1010 1147 1126 1231 passim
1140 1149 1253 1234 aequali
1267 1149 1472 1212 terminorum
1485 1150 1577 1213 inter·

300 1256 474 1320 mediorum
489 1277 629 1319 numero.
675 1240 915 1339 Componuntur
929 1267 1032 1318 nutem
1047 1254 1160 1317 horum
1174 1253 1379 1318 terminorum
1393 1256 1527 1318 rationes
1538 1278 1578 1319 ex

293 1355 470 1426 ¹rationibus
485 1361 566 1426 inter
581 1384 615 1425 se
628 1361 739 1425 iisdem
754 1361 956 1424 terminorum
978 1359 1233 1425 intermediorum
1255 1361 1577 1446 aequaliter-repetitis,

300 1483 332 1534 et
345 1481 509 1554 propterea
524 1491 570 1532 eae
584 1469 859 1554 quoque'rationes
873 1467 1054 1550 compositae
1068 1466 1151 1530 inter
1165 1489 1199 1530 se
1213 1467 1332 1530 eaedem
1347 1478 1432 1530 srmt.
1478 1465 1578 1554 Igitur

299 1577 484 1654 velocitates,
500 1577 549 1640 his
564 1577 703 1641 terminis
718 1575 975 1660 proportionales,
1001 1575 1121 1638 suntin
1135 1575 1356 1662 progressione
1376 1576 1574 1662 geometrici.

300 1685 487 1749 Minuantur
495 1685 562 1770 jam
576 1684 710 1771 aequales
725 1684 788 1748 illae
802 1695 978 1768 temporum
989 1683 1168 1768 perticu1oe3
1191 1694 1223 1748 et
1237 1696 1387 1772 augeatur
1398 1707 1505 1748 earum
1519 1709 1577 1749 nu-

298 1816 402 1858 merus
416 1793 449 1858 in
463 1794 630 1870 infinitum,
638 1793 685 1868 ‚eb
700 1805 734 1857 ut
748 1793 931 1857 resistentiae
944 1792 1096 1878 impulsus
1110 1791 1260 1858 reddetur
1273 1795 1456 1872 continuus3
1480 1809 1513 1860 et
1525 1819 1578 1860 ve-

295 1901 437 1966 locitates
462 1901 495 1964 in
520 1900 679 1984 principiis
703 1901 870 1987 aequalium
894 1912 1081 1984 temporum,
1116 1923 1238 1986 semper
1267 1903 1413 1967 continue
1442 1926 1576 1989 propor-

297 2012 439 2089 tionales,
456 2021 547 2075 erunt
561 2011 594 2074 in
607 2009 668 2072 hoc
683 2010 776 2083 etiam
790 2031 864 2072 casu
879 2008 1025 2073 continui
1040 2010 1297 2094 proportionales.
1343 2012 1385 2088 Q.
1400 2035 1428 2075 e.
1444 2013 1475 2075 d.

343 2121 413 2184 Cas.
429 2126 461 2184 2.
486 2117 529 2182 Et
542 2116 665 2180 divisim
678 2115 877 2179 velocitatum
897 2115 1091 2193 differentiae,
1117 2116 1179 2180 hoc
1193 2129 1250 2196 est,
1273 2115 1379 2181 earum
1394 2132 1498 2202 partes
1512 2121 1578 2183 sin-

296 2225 378 2313 gulis
392 2223 584 2309 temporibus
599 2224 732 2300 amissae,
757 2234 830 2287 sunt
842 2235 878 2286 ut
892 2208 984 2287 tota:
1008 2225 1107 2306 spatia
1121 2236 1224 2288 auteur
1240 2225 1368 2311 singulis
1384 2227 1578 2310 temporibus

296 2333 451 2416 descripta
474 2344 547 2396 sunt
569 2343 606 2398 ut
629 2331 829 2394 velocitatum
852 2343 957 2414 partes
982 2331 1102 2394 amissae
1126 2335 1196 2414 (per
1212 2330 1307 2414 Prop.
1323 2331 1351 2394 Ι.
1367 2332 1439 2396 Lib.
1456 2333 1516 2414 11.)
1540 2346 1574 2400 et

295 2454 461 2538 propterea
475 2441 567 2505 etiam
581 2452 617 2504 ut
631 2451 715 2504 totae.
760 2440 802 2516 Q.
818 2462 846 2503 e.
862 2439 893 2502 d.

342 2555 458 2636 Corol.
480 2569 568 2635 Hinc
583 2570 609 2632 si
624 2568 805 2655 asymptotis
820 2568 1008 2655 rectnngulis
1031 2571 1062 2632 A
1079 2568 1116 2647 C,
1135 2569 1163 2633 C
1180 2569 1217 2633 H
1243 2567 1436 2634 describatur
1460 2572 1579 2658 hyper-

295 2678 367 2742 boln
383 2678 412 2741 B
428 2677 470 2754 G,
495 2678 618 2761 sintque
634 2675 665 2740 A
681 2675 720 2751 B,
737 2675 770 2739 D
788 2673 821 2738 G
846 2673 887 2737 ad
912 2685 1109 2759 asymptoton
1135 2675 1166 2737 A
1182 2673 1210 2737 C
1235 2675 1518 2757 perpendiculares,
1547 2695 1580 2746 et

263 2800 266 2812 ’
297 2798 471 2872 exponatur
494 2797 561 2849 tum
583 2781 721 2869 corporis
732 2780 878 2846 velocitas
889 2793 956 2853 tum
970 2781 1143 2846 resistentia
1156 2779 1261 2857 medii,
1277 2781 1346 2865 ipso
1360 2795 1462 2848 nrotus
1473 2785 1579 2870 initio,

260 3044 266 3053 '
331 3044 363 3109 (Ι)
382 3047 395 3075 '¹
413 3046 467 3093 Erit
486 3046 656 3091 decrementum
674 3040 806 3087 scindatis*
826 3036 880 3100 (15)
896 3043 925 3082 ut
956 3034 975 3082 si
989 3051 1018 3083 er
1029 3035 1111 3099 emuli
1122 3036 1287 3105 particularum
1297 3054 1396 3089 numero
1406 3055 1581 3103 componantur

298 3102 679 3172 ,esisoentiaobdstumteguposis
689 3108 842 3155 momentum,
860 3098 925 3146 ided-
956 3108 1059 3158 tempora
1080 3100 1188 3162 quaelibet
1210 3103 1316 3165 aequalia,
1340 3114 1369 3152 ut
1393 3109 1416 3153 Α
1435 3108 1467 3164 Ε,
1491 3109 1515 3155 E
1541 3112 1580 3169 H,

295 3186 341 3233 que
353 3173 404 3232 (per
415 3168 482 3229 hyp.)
494 3176 521 3214 ut
531 3166 646 3213 velocitas.
954 3163 981 3209 H
995 3163 1028 3220 K,
1045 3167 1087 3212 dcc.
1106 3163 1176 3211 inunt
1190 3166 1322 3214 velocitates
1340 3169 1362 3214 Α
1375 3169 1406 3227 L,
1424 3171 1446 3217 E
1461 3171 1489 3228 P,
1509 3174 1538 3220 H
1553 3177 1580 3232 S,

299 3233 421 3345 ,cu
546 3226 922 3291 Μ·
951 3227 1322 3353 ..um
1343 3235 1544 3345 ..mm
1567 3255 1582 3287 .

402 3305 462 3356 1²⁸¹u
537 3308 572 3357 *q
703 3324 711 3351 s
781 3324 789 3350 s
857 3323 864 3345 ν
1135 3308 1198 3431 fimf,
1217 3310 1410 3433 ‘'me
1426 3317 1582 3424 qadim&

1151 3435 1270 3467 minorum
1293 3424 1485 3475 intermediorum
1503 3429 1527 3474 B
1540 3430 1574 3476 M

1154 3484 1272 3540 enac.
1296 3496 1321 3532 a
1344 3486 1365 3533 r
1385 3490 1417 3543 Q.
1437 3490 1460 3536 c
1480 3491 1511 3544 n,
1537 3462 1603 3541 sc’:

1152 3562 1259 3595 numero.
1297 3550 1479 3611 Componuntur
1496 3565 1584 3603 autem

1152 3611 1236 3658 horum
1253 3612 1407 3662 terminorum
1426 3618 1448 3662 A
1460 3617 1492 3674 L,
1509 3619 1536 3665 E
1551 3620 1583 3677 P,

1154 3675 1180 3722 ΙΙ
1193 3676 1216 3727 S.
1229 3676 1272 3722 dcc.
1287 3677 1388 3725 rationes
1403 3695 1430 3725 er
1448 3683 1586 3742 equalibus

1133 3785 1139 3795 ‚
1153 3738 1282 3787 rationibus
1298 3743 1450 3789 terminorum
1466 3745 1586 3795 interme·

1154 3802 1247 3849 dicrum
1269 3805 1388 3865 equaliter
1403 3807 1522 3867 repetitis,
1545 3813 1587 3857 ni-

1154 3867 1587 3927 mimmmsonnaunncom.

1077 3936 1080 3942 ’
1154 3930 1587 4045 grnppuffzrsslopffiusAffiBM,

1230 4010 1244 4040 a
1324 4028 1332 4051 ,
1360 4010 1381 4042 c.
1407 4012 1445 4043 uae
1512 4016 1540 4047 m
1576 4031 1589 4044 .

1154 4056 1269 4110 nundine,
1292 4068 1343 4105 tum
1362 4010 1462 4107 nuinero
1477 4018 1591 4127 nquallffis

1155 4130 1212 4166 sunt
1228 4122 1356 4169 rationibus
1378 4123 1402 4169 E
1420 4125 1442 4171 P
1458 4126 1490 4173 sd
1507 4128 1532 4175 F
1553 4132 1591 4188 Q,

1160 4183 1228 4238 FQ
1245 4184 1312 4233 ndG
1332 4186 1425 4244 B,dvc.
1446 4192 1593 4253 exquibus

307 4236 608 4303 ABCDEFG
667 4232 697 4286 Η
1070 4262 1091 4313 z
1159 4248 1592 4333 corppcniturxretioExPadSH,

300 4365 383 4423 divisa,
400 4375 501 4427 exponat
515 4376 614 4427 tempus,
634 4373 658 4413 et
676 4368 841 4441 perpendicula
858 4368 881 4415 A
894 4368 925 4426 L,
957 4367 986 4416 ad
999 4368 1022 4415 Ε
1036 4320 1335 4439 ΡΙεςυᾸίεεὲιΙίΙαΙΙὲΙιΙαΕ
1347 4318 1596 4438 ll'laudrllrgndtiuld

302 4430 372 4487 ΒΜ,
388 4431 408 4478 C
419 4433 450 4487 N,
458 4432 500 4477 dcc.
512 4439 629 4490 exponant
639 4430 770 4478 velocitates
779 4432 836 4491 ipsis
845 4432 926 4493 singu-
958 4432 1053 4493 aequalis
1065 4434 1146 4481 rationi
1159 4438 1187 4484 H
1201 4438 1258 4485 Sad
1270 4440 1293 4485 K
1307 4440 1336 4487 Τ.
1371 4444 1533 4493 Manifestum
1544 4464 1595 4497 au.

299 4492 377 4540 lorum
398 4503 529 4554 temporum
543 4495 565 4540 Δ
577 4495 606 4549 Β,
625 4494 647 4542 Β
661 4495 687 4550 C,
702 4496 722 4542 C
735 4496 767 4551 D,
778 4496 822 4542 dcc.
839 4495 926 4555 initiis3
957 4504 1006 4542 tem
1016 4504 1050 4542 est
1062 4498 1115 4559 (88)
1128 4516 1222 4549 curvam
1234 4503 1257 4549 L
1269 4503 1299 4550 M
1311 4506 1336 4552 N
1348 4507 1365 4554 S
1377 4508 1406 4561 T,
1418 4509 1449 4556 sd
1459 4524 1536 4569 quam
1542 4519 1598 4560 ter·

238 4604 240 4607 y
301 4570 371 4604 erum
395 4560 433 4619 (ex
454 4558 538 4618 Dens.)
560 4558 691 4607 velocitates
708 4558 754 4605 illae
769 4558 795 4604 in
815 4558 928 4606 continui
957 4560 1077 4606 minantur
1087 4564 1252 4624 perpendicula
1262 4570 1341 4617 omnia
1352 4572 1377 4619 A
1389 4572 1419 4630 L,
1433 4572 1507 4631 ΒΜ,
1522 4575 1547 4627 C
1557 4578 1588 4626 N

300 4624 461 4685 progressione
480 4620 619 4685 geometrici
638 4621 790 4671 demesceute.
825 4622 928 4671 Pminue
958 4623 1001 4670 sc.
1014 4640 1064 4675 esse
1074 4626 1264 4691 logaritbmicam.
1586 4611 1596 4637 ⁹
