3275 5650
76 396 185 465 Lmen
201 398 351 463 &suun
398 396 638 467 PRINCIPIA
661 396 1030 467 MATHEMATICA.
1225 481 1228 490 ¹
1292 406 1353 467 129

74 565 164 634 simul
176 577 380 643 mercantum
395 578 488 653 etque
501 566 562 633 boc
575 566 647 633 ideb
662 568 734 655 quis
748 568 857 634 emilis
871 581 904 634 et
917 568 1044 656 tequniis
1058 582 1107 634 est
1116 569 1256 633 omnium
1265 590 1352 653 pres·
1444 564 1454 579 '

72 674 127 751 sio,
150 684 181 737 et
198 686 303 738 motus
318 674 419 739 omnis
433 672 577 739 exclusus
592 674 788 759 supponitur,
811 676 872 739 uisi
885 676 940 761 qui
953 676 1143 761 opressione
1156 674 1209 739 illi
1224 675 1351 741 oriatur.

72 782 168 869 Atqui
186 804 255 846 non
273 794 404 867 possunt
417 804 522 847 omnes
535 782 577 847 ed
591 796 731 849 centrum
753 785 883 869 propius
906 785 1063 865 accedere,
1086 786 1146 851 nisi
1160 786 1290 851 fluidum
1312 785 1351 849 ad

71 900 211 955 centrum
227 888 451 965 condensetur3
472 901 581 957 contro
594 889 792 976 hypothesin.
836 891 912 958 Non
925 891 1186 979 possuntlongitis
1201 892 1240 957 eb
1255 914 1352 957 eore-

70 998 189 1076 cedere,
205 1000 267 1062 nisi
280 998 412 1062 fluidum
425 998 464 1062 ed
480 999 757 1064 circumferentiam
772 999 979 1063 condensetur
986 1025 996 1076 3
1022 1001 1116 1064 etiam
1129 1012 1238 1065 contra
1251 1000 1352 1085 hypo-

70 1103 180 1170 thesin.
227 1104 302 1171 Non
322 1117 454 1189 possunt
473 1105 593 1172 servati
616 1104 672 1171 suri
693 1128 713 1169 e
735 1116 843 1171 centro
865 1104 1009 1171 distertii
1032 1106 1151 1171 moveri
1171 1106 1205 1169 in
1225 1106 1351 1193 plagam

70 1233 297 1297 pnmcunque,
323 1214 397 1299 quie
418 1215 487 1299 pari
509 1216 630 1281 ratione
653 1216 862 1283 movebtmtur
886 1216 920 1281 in
941 1217 1067 1305 plegem
1089 1218 1293 1293 contrariam
1318 1219 1353 1281 in

16 1384 18 1417 ἲ
69 1322 296 1407 plugnscutem
310 1324 479 1389 contrarias
493 1346 558 1389 non
572 1336 674 1409 potest
687 1345 760 1409 pers
775 1323 896 1401 eedem,
918 1320 1030 1390 eodem
1051 1339 1201 1411 tempore,
1223 1326 1351 1390 moveri.

16 1464 18 1531 p
71 1427 154 1515 Ergo
167 1428 261 1493 fluidi
274 1450 346 1512 pers
360 1428 447 1495 nulle
459 1429 578 1495 deloco
593 1452 650 1495 suo
664 1429 847 1495 movebitur.
893 1430 936 1507 Q.
951 1454 979 1497 e.
993 1431 1025 1497 d.
1306 1436 1309 1441 ’

16 1600 17 1625 ἦ
108 1536 180 1599 Cas.
197 1543 231 1601 2.
255 1534 340 1599 Dico
350 1537 427 1618 jum,
443 1536 528 1621 qubd
542 1536 632 1601 fluidi
646 1537 738 1621 hujus
757 1556 832 1620 per-

72 1654 110 1705 tes
134 1662 249 1704 omnes
271 1640 434 1724 sphaen'cae
458 1641 619 1727 aequeiiter
647 1652 832 1725 premuntur

71 1724 242 1831 ιιιιιίἰφιε.ο
275 1746 324 1811 sit
351 1746 435 1814 euim
465 1746 494 1811 E
522 1746 549 1811 F
577 1768 648 1832 pers
681 1745 835 1835 sphaerice

71 1851 161 1928 fluidi,
201 1863 238 1917 et
265 1851 294 1915 si
321 1851 390 1917 hoec
419 1852 557 1939 undique
585 1875 651 1917 non
679 1853 833 1937 premitur

72 1960 239 2044 equaliter,
270 1972 420 2046 augeatur
444 1961 566 2044 pressio
588 1961 701 2037 minor,
731 1982 831 2045 usque

73 2066 139 2131 dum
160 2068 234 2151 ipse
255 2066 395 2153 undique
415 2079 577 2151 premetur
598 2067 775 2155 aeqnuiiter3
802 2080 835 2133 et

16 2248 17 2257 ἵ
72 2185 168 2256 putes
191 2174 272 2258 ejus,
295 2194 353 2257 per
371 2172 487 2237 Cusum
500 2174 646 2257 primum,
670 2196 833 2257 permane·

16 2266 17 2297 1
73 2280 141 2345 bunt
154 2281 190 2343 in
204 2280 287 2346 locis
308 2280 379 2345 suis.
425 2279 489 2345 Sed
510 2291 583 2345 ente
604 2293 726 2347 suctum
744 2303 834 2367 pres·
880 2295 911 2353 Β

16 2418 17 2423 ’
75 2388 183 2452 sionem
192 2388 463 2473 permanebantin
473 2386 550 2452 locis
562 2390 634 2466 suis,
644 2412 701 2473 per
714 2390 830 2455 Cesum

16 2466 18 2513 ³
75 2496 200 2561 eundem
229 2496 379 2579 primum,
416 2507 447 2558 et
476 2494 633 2559 additione
661 2499 831 2581 pressionis

74 2624 153 2667 novae
172 2601 389 2665 movebuntur
403 2600 442 2663 de
455 2601 532 2663 locis
547 2601 618 2678 suis,
634 2622 691 2685 per
706 2602 828 2665 Defini-

74 2710 181 2773 tionem
198 2706 318 2771 Fluidi.
363 2706 446 2783 Quae
460 2704 524 2769 duo
538 2716 723 2793 repugnent.
769 2706 858 2793 Ergo
871 2702 949 2769 inlsb
964 2704 1126 2771 dicebatur
1137 2707 1222 2793 qubd
1235 2710 1359 2793 sphaere

75 2818 98 2882 Ε
111 2819 136 2884 F
150 2841 220 2882 non
236 2816 378 2904 undique
391 2816 590 2902 premebatur
605 2817 774 2904 aequaliter.
822 2817 863 2893 Q.
876 2839 903 2881 e.
919 2815 950 2879 d.

16 2959 18 2982 ι
109 2928 178 2992 cas.
197 2935 228 2990 3.
276 2923 361 2989 Dico
373 2935 526 3008 praeterea
539 2924 625 3010 qubd
639 2924 831 2990 diversarum
845 2923 981 3009 portium
990 2913 1219 3007 'sphaericarum
1229 2926 1359 3010 aequalis

16 2985 18 3082 1
73 3033 105 3099 sit
116 3031 254 3117 pressio.
301 3030 384 3093 Nem
398 3041 500 3114 partes
515 3031 676 3115 sphaericae
690 3033 847 3118 contiguae
862 3053 895 3094 se
908 3041 1019 3094 mutuo
1032 3044 1180 3113 premunt
1197 3033 1361 3116 aequaliter

72 3143 228 3230 inpuncto
238 3152 410 3218 contactus,
417 3162 474 3225 per
482 3140 847 3228 motitsLegemtertiam.
872 3139 934 3204 Sed
944 3137 1358 3223 etperCesumsecundum,

16 3323 17 3334 χ
73 3237 207 3339 undique
229 3262 419 3336 premuntur
444 3249 554 3314 eidem
575 3251 616 3314 vi.
661 3251 770 3314 Partes
785 3250 881 3336 igitur
895 3247 967 3310 duae
981 3246 1098 3332 quaevis
1113 3247 1276 3331 sphaericae
1297 3271 1361 3310 non

73 3362 235 3448 contiguae,
256 3359 295 3442 (⁸)
308 3358 380 3442 quie
393 3378 466 3440 pars
481 3355 633 3440 sphoerics
643 3355 826 3420 intermedia
840 3367 968 3440 tangere
981 3358 1085 3436 potest
1099 3364 1274 3440 utramque,
1290 3376 1362 3438 pre-

16 3397 19 3542 1
71 3479 194 3530 nentur
211 3463 327 3528 eedem
340 3463 381 3526 vi.
426 3462 468 3538 Q.
484 3485 512 3526 e.
527 3461 558 3526 d.

16 3563 18 3672 1
109 3576 181 3638 Cas.
198 3581 232 3634 4.
280 3571 365 3635 Dico
375 3571 441 3656 jem
456 3569 541 3656 qubd
554 3569 643 3636 fluidi
657 3581 761 3654 portes
776 3590 886 3632 omnes
899 3567 1016 3653 ubique
1028 3580 1215 3651 premuntur
1236 3567 1363 3653 aequsli·

69 3699 120 3744 ter.
154 3681 246 3746 Nam
257 3691 362 3762 partes
376 3677 448 3742 duae
462 3679 579 3764 quaevis
593 3680 680 3765 tangi
694 3690 826 3762 possunt
838 3701 857 3740 a
871 3677 1012 3761 pertibus
1024 3675 1185 3759 sphaericis
1196 3676 1228 3738 in
1239 3677 1363 3758 punctis

67 3790 323 3874 quibuscunque,
339 3799 371 3850 et
384 3787 427 3851 ibi
440 3797 544 3872 partes
558 3787 627 3851 illes
643 3787 808 3872 sphaericus
824 3786 985 3874 aequaliter
997 3795 1157 3868 premunt,
1173 3807 1231 3869 per
1247 3785 1363 3874 Cesum

66 3897 197 3961 tertium
214 3908 247 3958 et
255 3893 393 3957 vicissim
402 3894 442 3958 eb
454 3894 514 3958 illis
528 3893 689 3980 {equaliter
696 3904 890 3980 premuntur,
905 3913 962 3976 per
977 3889 1081 3955 motirs
1097 3891 1217 3977 Legem
1231 3891 1364 3954 tertium.

66 4003 104 4080 Q.
116 4028 147 4070 e.
164 4003 203 4068 d.

105 4115 182 4176 Cas.
202 4118 237 4174 5.
286 4105 370 4171 cum
391 4107 485 4194 igitur
505 4103 593 4168 fluidi
614 4125 687 4188 pers
702 4102 895 4189 quaelibetG
911 4103 948 4167 H
964 4103 980 4165 I
996 4102 1030 4163 in
1044 4100 1142 4170 fluido
1155 4098 1276 4184 reliquo
1297 4092 1367 4162 ten-

66 4240 160 4304 quam
171 4217 213 4280 in
229 4235 306 4281 vose
321 4211 491 4289 claudetur,
508 4223 539 4274 et
552 4209 689 4297 undique
703 4221 862 4294 prematur
875 4207 1045 4292 oequnliter,
1061 4217 1168 4290 portes
1183 4218 1287 4268 eutem
1302 4206 1368 4290 ejus

69 4349 97 4391 se
110 4323 239 4391 mutuo
255 4321 418 4408 aequoliter
430 4331 574 4404 prement
595 4331 627 4384 et
647 4318 806 4403 quiescent
826 4317 908 4379 inter
921 4338 972 4390 se;
993 4312 1189 4377 manifestum
1215 4324 1262 4376 est
1283 4312 1368 4398 qubd

1071 2190 1104 2240 D
1300 2173 1324 2250 ο...

1019 2222 1072 2277 !‘''·.
1165 2267 1174 2276 .

1019 2276 1072 2329 ‘t„.··
1160 2280 1167 2291 ,

93 4527 130 4593 (⁸)
145 4531 164 4557 ⁰
178 4525 249 4580 ριιία
253 4537 316 4586 pars
324 4521 433 4584 eptatico
439 4519 571 4592 intermedio
580 4527 671 4580 tongere
677 4533 718 4578 po·
749 4515 888 4576 tliesperteu
892 4513 1042 4590 epherieusin
1048 4512 1142 4588 puncti?
1147 4513 1267 4563 contectus
1271 4521 1367 4575 premet3

71 4599 109 4649 m
119 4602 275 4653 utromque.
312 4585 377 4634 Num
387 4597 440 4646 pert
453 4582 495 4630 ilie
509 4581 646 4630 intermedie
661 4580 720 4628 duas
750 4589 819 4642 etque
829 4582 859 4627 ab
868 4575 915 4624 {tte
924 4586 1042 4639 premetur
1052 4576 1178 4639 equaliter,
1189 4580 1230 4642 (ex
1240 4576 1316 4637 dem.)

93 4670 163 4724 Vox.
180 4671 246 4722 11.·
722 4661 736 4708 Ῑ
