3275 5650
273 426 336 485 aar
591 412 930 481 personnarum
952 366 1222 487 neruosus
1275 413 1552 519 [stancona.

270 588 435 642 *mutabanton
450 584 512 633 dnm
522 584 548 631 io
561 584 678 645 portiones
688 581 808 633 ulteriores
823 580 894 630 medii
925 580 983 629 nme
993 578 1047 626 rard
1057 579 1277 639 portioceleritatem
1286 580 1486 640 antepenultima.
1497 582 1553 640 διο..

274 650 401 699 celeritates
412 650 487 709 primo
502 657 600 707 receptae
616 656 779 709 propagantur,
795 644 895 706 ideisque
925 651 1004 705 posteo
1014 642 1085 690 altero
1096 642 1205 703 temporis
1220 643 1341 689 intervallo
1351 644 1381 690 ad
1392 644 1491 694 alteram
1507 646 1553 693 no.

274 723 324 761 tota
342 714 467 761 vibratione
484 708 590 759 absoluti
605 724 716 757 numerus
731 708 895 769 particularum
926 723 979 754 vam
990 706 1119 767 portionem
1129 707 1262 754 ulteriorem
1274 708 1349 767 prima
1356 708 1459 755 celeritas
1467 724 1552 769 propa.
1606 742 1609 747 -

275 778 413 839 agitaturum
424 774 510 835 duplus
518 774 561 822 erit
572 774 622 835 ejus
633 788 703 836 quem
714 772 739 819 in
749 771 846 821 dimidia
861 771 895 818 vi-
926 770 1026 833 gabitur‚
1044 779 1068 817 et
1083 769 1185 817 secunde
1201 770 1304 817 celeritas
1315 772 1340 815 in
1351 770 1427 829 primi
1442 774 1552 833 portione
1574 806 1580 817 .

274 841 377 887 bratione
388 848 555 893 notaveremus,
566 852 620 897 pars
629 836 727 885 dimidia
736 836 845 883 remotior
859 845 895 883 est
926 834 981 881 novi
992 834 1057 880 istius
1067 834 1148 894 pulsus
1163 834 1319 896 generabitur,
1336 834 1415 895 sicque
1424 836 1547 896 deinceps:

273 902 343 963 punt
353 902 446 963 equalis
456 902 492 949 iili
501 901 530 951 de
540 899 588 962 qui
599 900 673 961 primo
689 909 768 948 actum
784 908 819 947 est
829 908 853 946 et
862 899 894 945 si-
925 912 1000 946 novus
1010 912 1066 960 ergo
1076 897 1157 956 pulsus
1167 898 1306 945 formabitur
1312 897 1469 957 planesimilis
1476 893 1562 960 priori'

274 967 359 1013 militer
372 965 502 1021 consutum,
519 980 573 1024 pare
588 962 679 1013 citerior
694 961 748 1011 verb
762 961 894 1025 negativam
925 962 1043 1023 aqualiter
1053 970 1168 1016 extensus,
1180 960 1264 1025 aequali
1275 962 1391 1007 celeritate
1406 962 1432 1007 in
1447 963 1549 1027 singolis

267 1030 412 1078 «celeritatem
429 1029 540 1077 obtinebit
550 1026 755 1083 etdilatationem3
772 1027 823 1089 ejus
837 1026 893 1073 cite-
924 1025 1028 1085 partibus
1043 1024 1141 1071 donatus
1158 1023 1354 1087 (semotintdixi
1365 1026 1548 1075 consideratione

273 1092 340 1139 rioris
355 1092 425 1151 partis
440 1091 515 1151 portio
531 1091 682 1141 remotissimo
692 1106 706 1137 a
716 1088 774 1136 tort
789 1090 893 1149 primum
925 1090 1026 1148 partium
1036 1086 1215 1149 circumquaque
1225 1089 1353 1147 positarum
1364 1091 1459 1151 remque
1469 1094 1546 1139 consi-

274 1156 395 1203 celeritntia
405 1156 468 1205 fibra
478 1155 630 1217 regredientis
644 1153 744 1216 gradum
754 1153 853 1210 habebit,
869 1162 894 1201 et
924 1151 1026 1199 derando
1042 1151 1106 1214 qnasi
1122 1150 1152 1198 de
1167 1152 1271 1213 partibus
1280 1151 1305 1197 in
1316 1152 1378 1198 linea
1387 1152 1451 1199 recti
1465 1155 1547 1214 positis

273 1220 348 1279 portio
358 1219 423 1266 fibra
433 1219 537 1279 proxima
547 1218 658 1265 ultimum
669 1218 781 1281 (quietern
787 1216 891 1277 nempe),
925 1214 994 1262 unice
1003 1214 1129 1277 ageretur).

273 1283 350 1332 medie
360 1281 435 1341 portio
444 1282 556 1338 medium,
569 1283 613 1329 hoc
624 1291 658 1327 est
668 1280 794 1327 retrocedet
804 1278 893 1341 etipse
956 1284 995 1327 26.
1013 1280 1069 1339 Ipse
1079 1290 1158 1325 antem
1168 1278 1257 1339 primus
1268 1277 1348 1340 pulsus
1358 1280 1451 1338 penitus
1466 1282 1545 1343 qrries.

273 1346 389 1393 celeritate
399 1343 447 1407 quit
456 1345 560 1393 medium
577 1344 689 1395 ulterioris
704 1344 776 1404 partis
790 1344 893 1403 procedit
924 1342 956 1389 cit
966 1344 1059 1404 quando
1079 1343 1104 1387 in
1119 1342 1247 1389 secundum
1258 1351 1321 1388 totus
1337 1343 1426 1390 transiit
1441 1344 1460 1389 si
1478 1345 1545 1393 nulle

273 1418 297 1457 et
311 1408 456 1457 dilatationes
465 1409 512 1456 illis
522 1408 675 1455 celeritatibus
691 1408 891 1469 negan'visoorra·
924 1420 985 1452 nova
1005 1406 1096 1452 chorda
1113 1405 1208 1469 agitatio
1227 1405 1342 1462 succedat,
1365 1421 1419 1451 nam
1441 1408 1545 1457 celeritas

272 1471 426 1532 spondebunt,
448 1469 547 1533 ideoque
564 1472 589 1519 in
605 1470 682 1518 medio
698 1471 762 1517 illius
782 1470 893 1529 proximas
924 1470 1036 1529 portionis
1051 1469 1132 1529 pulsus
1147 1484 1200 1531 qure
1215 1468 1278 1515 librae
1294 1470 1399 1528 proxima
1408 1481 1444 1516 est
1453 1487 1545 1519 succes-

272 1535 384 1595 portiorris
400 1535 501 1583 maxima
517 1534 561 1584 erit
577 1534 680 1583 dilatabo
695 1544 723 1583 ut
738 1543 762 1581 et
776 1532 893 1583 maximus
924 1532 971 1580 sive
990 1532 1020 1580 od
1036 1541 1156 1594 sequentes
1174 1532 1290 1591 portiones
1305 1534 1387 1580 transit
1402 1534 1460 1579 dum
1470 1550 1545 1583 novus

272 1614 397 1661 regemus.
594 1650 595 1653 Ἰ
790 1627 793 1631 -
923 1596 1004 1656 pulsus
1014 1596 1134 1652 formatur,
1146 1594 1187 1642 sed
1196 1596 1299 1643 celeritas
1305 1596 1355 1657 ejus
1362 1594 1473 1655 portionis
1480 1598 1545 1646 librae

304 1666 423 1715 Secundus
432 1666 511 1710 Coros.
532 1660 728 1723 Quodsisinguia
738 1656 890 1720 tempusculss
923 1660 1035 1719 proxima
1045 1661 1080 1705 est
1089 1659 1173 1706 ultima
1187 1658 1251 1706 fibrae
1270 1660 1374 1706 celeritas
1388 1676 1441 1722 quie
1456 1662 1483 1707 in
1498 1662 1543 1710 otc

272 1726 357 1788 quibus
368 1726 505 1775 durantibus
514 1725 622 1773 velocitas
636 1725 700 1774 fibrae
717 1724 838 1771 uniformis
847 1725 892 1774 tiu-
922 1726 978 1784 hyp.
998 1733 1033 1769 est
1047 1722 1119 1785 quies,
1138 1721 1178 1769 sed
1194 1722 1235 1770 ubi
1251 1722 1333 1782 pulsus
1344 1724 1466 1771 secundus
1480 1734 1544 1773 tobis

272 1788 342 1851 gitur,
360 1789 457 1851 aqualia
472 1804 519 1837 non
535 1790 587 1843 sint,
604 1787 686 1835 eidem
702 1789 790 1835 ratione
805 1788 892 1840 intelli·
922 1786 1036 1833 formatus
1046 1797 1088 1843 est,
1099 1786 1204 1834 celeritas
1214 1786 1325 1845 portionis
1331 1788 1413 1845 pulsus
1420 1803 1472 1849 quas
1478 1789 1543 1835 libra

272 1862 357 1915 geritur
370 1848 465 1901 effectus
475 1852 539 1901 fibra
549 1852 574 1899 in
585 1862 660 1913 partes
676 1852 754 1909 medii,
770 1851 814 1899 nisi
830 1852 893 1913 quod
923 1849 1028 1911 proxima
1037 1860 1086 1898 erat
1096 1850 1126 1897 ad
1136 1848 1228 1895 initium
1239 1850 1335 1896 secundi
1342 1850 1544 1910 pulsusesttraos.

271 1918 388 1976 portiones
397 1915 469 1963 medii
479 1931 532 1978 quie
540 1915 639 1979 singuiis
647 1915 779 1963 successivis
787 1910 894 1965 velocitas
923 1913 971 1961 lata
981 1924 1005 1961 et
1014 1929 1056 1974 per
1065 1929 1146 1960 omrtes
1156 1923 1232 1973 partes
1242 1912 1323 1971 pulsus
1337 1913 1405 1973 primi
1415 1913 1544 1963 successive

272 1980 302 2027 tis
312 1980 423 2041 gradibus
437 1980 542 2043 gaudent
553 1994 600 2026 non
611 1980 657 2026 sint
667 1978 773 2041 aquales,
784 1978 825 2025 sed
842 1982 894 2042 (per
924 1978 1020 2033 transiit,
1038 1976 1135 2038 ideoque
1150 1978 1175 2023 in
1191 1976 1269 2039 quiete
1280 1992 1318 2023 ess
1333 1977 1449 2023 constituit
1458 1978 1483 2023 in
1494 1977 1544 2040 qut

272 2052 322 2091 not.
339 2044 389 2103 19.)
407 2044 452 2089 sint
468 2043 528 2089 sicut
543 2052 646 2103 tempora
662 2044 747 2106 quibus
757 2042 894 2091 durantibus
924 2051 1100 2102 permanserunt
1114 2040 1181 2089 nulli
1191 2040 1329 2086 succedente
1339 2040 1397 2087 novi
1407 2041 1541 2102 agitatione.

271 2106 371 2168 singulae
381 2107 428 2155 illae
437 2106 567 2153 velocitates
577 2107 601 2159 in
613 2105 671 2153 fibri
681 2115 862 2165 permanserunt.
957 2108 995 2151 27.
1013 2102 1084 2159 Quod
1095 2104 1114 2151 si
1124 2104 1209 2151 chorda
1219 2104 1542 2163 novamvibrationemfaciat,

295 2174 398 2230 „Tertius
408 2175 485 2219 Corus.
507 2170 620 2224 Quamvis
627 2178 706 2219 autem
715 2168 778 2215 librae
785 2168 893 2215 velocitas
920 2175 951 2213 ut
961 2168 1045 2223 evenit,
1056 2169 1189 2215 restituetur
1199 2167 1377 2227 primus-pulsus
1385 2168 1544 2229 aequalisprae·

271 2233 338 2282 nullo
348 2232 493 2293 tempuscula
504 2232 626 2279 uniformis
632 2241 724 2279 maneat
730 2231 770 2279 sed
780 2231 892 2282 mutinuo
923 2230 1013 2277 cedenti
1020 2232 1193 2294 qualiscumque
1203 2230 1232 2277 sit
1240 2232 1290 2292 ejus
1298 2232 1429 2277 vibrationis
1437 2231 1544 2278 velocitas

272 2296 417 2352 acceleremr,
440 2295 521 2343 eodem
540 2304 619 2342 tamen
637 2294 707 2345 modo
726 2294 782 2343 libra
798 2305 852 2357 aget
865 2283 909 2341 in⁰
923 2293 1025 2352 initialis,
1036 2310 1091 2342 nam
1102 2296 1218 2343 dividatur
1228 2295 1299 2341 totius
1307 2294 1438 2341 vibrationis
1447 2296 1545 2357 hujusce

270 2358 376 2406 medium
387 2374 414 2405 ac
423 2358 442 2403 si
453 2355 533 2405 reveri
542 2358 649 2405 velocitas
659 2358 710 2420 ejus
725 2370 835 2405 cresceret
850 2373 892 2419 per
922 2365 1015 2419 tempus
1030 2358 1056 2403 in
1071 2359 1169 2405 totidem
1184 2369 1264 2419 partes
1281 2358 1381 2418 aequales
1397 2358 1501 2417 partibus
1514 2347 1543 2408 ln

270 2422 390 2469 intervella
400 2422 517 2481 temporis,
528 2430 552 2469 et
559 2420 658 2469 durante
665 2422 811 2482 tempusculo
819 2437 891 2483 quam
922 2436 980 2483 quas
995 2433 1087 2481 tempus
1102 2422 1182 2482 primae
1197 2421 1331 2467 vibrationis
1346 2420 1447 2467 divisum
1457 2422 1542 2479 suerat,

270 2485 369 2533 minimo
385 2484 437 2549 (sed
453 2484 530 2546 finito)
546 2485 669 2532 uniiormis
687 2495 804 2542 maneret;
821 2485 891 2548 idque
922 2485 985 2546 quod
996 2485 1133 2547 fieripotest
1142 2500 1196 2532 cnm
1205 2486 1342 2531 vibrationes
1350 2484 1397 2531 sint
1406 2486 1543 2543 isochronsa,

270 2560 391 2609 propterea
401 2548 464 2610 quod
473 2548 594 2595 intervalla
608 2549 668 2597 inter
683 2548 805 2607 particulas
820 2550 891 2597 medii
921 2549 973 2595 istie
990 2558 1066 2609 partes
1083 2550 1194 2609 temporis
1211 2547 1311 2609 aequales
1326 2558 1396 2596 erunt
1410 2549 1439 2593 iis
1449 2564 1502 2610 quae
1517 2548 1543 2595 in

269 2621 326 2659 sunt
340 2612 413 2659 finita
428 2612 567 2675 quantitates
578 2626 626 2659 non
636 2610 690 2659 verb
700 2611 790 2659 infinite
807 2628 890 2672 purva3
922 2612 1060 2671 precedenti
1076 2613 1202 2660 vibratione
1217 2620 1341 2670 assumpta
1356 2612 1468 2669 fuerunt3
1488 2612 1543 2659 dato

270 2691 325 2722 nam
336 2690 377 2736 per·
388 2685 453 2723 notas
461 2680 483 2721 4.
493 2685 517 2722 et
525 2680 547 2725 5.
562 2676 642 2723 nullus
650 2684 727 2722 motus
734 2690 761 2721 er
769 2686 856 2735 puncto
866 2680 890 2726 A
922 2685 1000 2721 autem
1010 2686 1114 2735 tempore
1124 2691 1236 2735 numerus
1246 2676 1411 2734 particularum
1425 2690 1541 2735 compres-

269 2741 294 2787 in
310 2750 425 2799 punctum
438 2740 459 2793 B
471 2738 566 2787 benene
577 2748 658 2797 potest,
675 2738 719 2785 nisi
735 2749 848 2798 punctum
866 2741 890 2786 Α
922 2754 1000 2785 aarum
1010 2750 1045 2789 est
1054 2755 1144 2799 semper
1154 2738 1217 2785 idem
1232 2738 1407 2799 qualiscumque
1417 2740 1447 2785 sit
1458 2738 1542 2786 veloci·

269 2803 404 2863 armassent
427 2800 493 2850 finiit
515 2802 730 2866 quantulicumque
755 2804 888 2864 quantitate,
921 2812 957 2850 tas
974 2806 1009 2867 (n.
1030 2810 1067 2852 19.
1081 2802 1198 2865 hujusce).
1233 2802 1301 2864 Ergo
1317 2801 1432 2863 siquidem
1449 2802 1542 2865 singulo

269 2864 377 2929 idetique
394 2866 438 2914 nisi
449 2867 506 2916 libra
516 2878 653 2928 quaeurget
667 2875 780 2926 punctum
793 2869 814 2912 A
827 2869 889 2915 velo·
920 2866 1015 2913 instanti
1026 2869 1079 2915 dato
1090 2867 1187 2914 totidem
1197 2876 1272 2928 partes
1281 2867 1474 2924 comprimuntur,
1486 2867 1542 2914 toti-

269 2932 361 2980 citatem
371 2931 463 2978 {initam
472 2929 498 2976 in
508 2945 537 2976 eo
547 2931 690 2992 generaverit
706 2933 744 2992 (ut
754 2930 799 2976 fert
813 2933 889 2992 hypo-
920 2932 1019 2991 demque
1029 2941 1085 2979 sunt
1095 2931 1204 2977 instantia
1219 2929 1273 2976 data
1282 2929 1308 2974 in
1319 2931 1485 2976 vibrationibus
1495 2931 1541 2978 iso-

268 2993 621 3054 thesis·Problematisnot9.);
633 2993 888 3054 parimtiociniopttnc.
919 2995 1019 3050 chronia,
1035 2995 1117 3054 pulsus
1127 2994 1157 3040 ad
1168 2993 1264 3041 totidem
1280 2992 1403 3052 particulas
1418 2993 1541 3056 inquiris

268 3065 321 3106 turn
333 3058 355 3104 Β
366 3071 415 3106 non
425 3059 508 3104 sentiet
517 3057 658 3104 incrementa
669 3057 794 3104 velocitatis
808 3057 889 3117 puncti
920 3057 1047 3104 vibratione
1056 3055 1178 3104 isochroni
1188 3056 1330 3103 extendetur.
1486 3085 1490 3090 -

270 3123 303 3178 A,
315 3121 359 3166 nisi
369 3129 491 3182 postquam
500 3121 670 3167 incrementum
680 3120 773 3178 linitum
779 3121 887 3171 velocite-
951 3126 990 3167 28.
1021 3121 1046 3168 Si
1067 3137 1109 3182 per
1128 3120 1274 3168 velocitatem
1294 3118 1375 3180 pulsos
1395 3119 1540 3184 intelligatur

268 3185 333 3233 tisin
343 3199 373 3229 eo
388 3185 494 3245 garritum
505 3183 576 3230 fuerit
592 3187 652 3245 (not
665 3186 687 3231 5.
701 3194 725 3231 et
736 3185 786 3244 20).
820 3185 888 3248 Ergo
920 3185 986 3246 (curn
999 3183 1125 3246 Nevvtono)
1136 3182 1282 3230 fflsmnnaad
1292 3198 1362 3244 quam
1373 3185 1539 3243 puisusexteo-

267 3247 326 3294 fibra
341 3246 425 3308 agitio
435 3246 539 3295 medium
555 3247 621 3308 quasi
636 3246 728 3310 singulo
743 3249 888 3308 tempuscula
919 3247 982 3294 ditur
991 3247 1063 3295 divisa
1072 3263 1114 3308 per
1123 3257 1216 3308 tempus
1225 3261 1273 3309 quo
1282 3246 1364 3307 pulsus
1378 3247 1409 3294 ad
1423 3263 1475 3294 earn
1489 3249 1538 3296 dir·

269 3310 365 3373 (aquati
383 3309 419 3358 vel
435 3309 554 3373 inaequnli)
574 3311 624 3372 ejus
640 3311 747 3360 velocitas
765 3312 888 3360 uniformis
919 3313 1016 3358 tantiam
1032 3313 1148 3373 pervenit,k
1161 3312 1213 3358 dico
1232 3311 1313 3370 pulsus
1328 3311 1353 3356 in
1369 3311 1448 3358 eodem
1458 3311 1539 3358 medio

267 3373 416 3432 patenam
432 3373 570 3436 intelligitur
585 3376 888 3436 ergoell'ectusvibrotionis
919 3390 968 3421 esse
988 3390 1068 3422 omncs
1089 3374 1238 3437 sequiveloces
1258 3389 1408 3436 quaecumque
1425 3375 1455 3420 sit
1470 3373 1538 3422 fibrte

267 3435 332 3484 fibrae
342 3437 367 3486 itt
378 3437 455 3484 a'e'rem
466 3452 507 3496 per
517 3437 618 3496 primmn
629 3447 652 3485 et
663 3439 791 3490 secundum
806 3454 887 3497 mum
919 3439 1014 3499 pulsum
1024 3439 1172 3499 producentis
1182 3439 1292 3484 vibratio:
1313 3437 1339 3484 id
1352 3438 1403 3499 jam
1416 3437 1490 3500 liquet
1506 3439 1538 3486 de

267 3500 365 3562 hujusce
375 3499 581 3548 demonstrationis.
617 3503 648 3556 Q.
659 3519 680 3550 e.
693 3503 710 3549 i·
919 3503 1083 3550 vibrationibus
1093 3501 1219 3548 isocbronis
1229 3501 1254 3546 in
1265 3501 1351 3562 quibus
1358 3501 1539 3560 temporeunius

300 3569 338 3612 25·
366 3563 454 3612 Totum
472 3571 550 3624 eutem
566 3565 666 3624 spatium
684 3565 753 3644 cujus
769 3565 887 3624 particule
918 3565 1051 3613 vibrationis
1060 3566 1091 3612 ad
1101 3565 1197 3612 totidem
1207 3574 1284 3624 partes
1294 3565 1375 3625 pulsus
1386 3577 1536 3628 propagatur,

268 3635 390 3678 commotae
405 3626 502 3676 suerunt
519 3628 617 3674 durante
633 3628 724 3690 integra
734 3629 796 3680 fibrae
812 3629 886 3676 vibra·
917 3625 1016 3689 idesique
1027 3629 1115 3690 aequale
1125 3629 1226 3688 spatium
1236 3629 1319 3689 aequali
1330 3638 1431 3688 tempore
1442 3645 1537 3688 percur-

267 3692 330 3743 tiona
340 3708 354 3742 tr
366 3691 482 3740 Nevtono
492 3692 573 3752 pulsus
584 3701 684 3750 vocatur,
696 3702 720 3740 et
730 3693 748 3740 si
760 3692 886 3740 vibratione
916 3692 954 3747 rit,
965 3702 1043 3751 postea
1054 3690 1107 3740 vert
1114 3692 1177 3739 idem
1187 3693 1270 3752 pulsos
1277 3692 1380 3738 similiter
1387 3706 1537 3754 propagatur,

267 3755 373 3812 absoluti
382 3755 440 3804 fibra
450 3755 583 3817 quiesceret,
595 3771 684 3816 semper
695 3756 792 3804 ulterius
802 3771 885 3816 propa-
916 3756 957 3802 sed
972 3754 998 3802 id
1013 3757 1096 3816 pariter
1111 3771 1192 3803 verum
1202 3766 1237 3804 est
1247 3755 1277 3802 de
1287 3756 1451 3802 vibrationibus
1460 3767 1537 3805 etero-

267 3829 362 3882 geretur
371 3819 411 3869 ille
421 3820 516 3878 pulsum
533 3835 588 3866 nam
603 3827 666 3866 totus
681 3820 721 3866 ille
731 3820 811 3880 pulsus
823 3823 884 3883 (mo.
915 3819 1021 3877 chronis;
1033 3820 1165 3869 dividantur
1175 3820 1239 3867 enirn
1249 3820 1371 3880 inequalia
1381 3820 1538 3871 vibrationnm

267 3893 347 3932 mento
356 3898 406 3944 quo
412 3883 536 3932 absolvitur
546 3884 654 3944 vibratio)
670 3883 758 3932 divisus
768 3885 885 3946 intelliga-
916 3894 1020 3943 tempora
1030 3885 1055 3930 in
1065 3884 1162 3931 totidem
1177 3884 1285 3944 utrinque
1303 3883 1450 3943 tempuscula
1464 3885 1537 3932 mini-

267 3956 306 3996 tur
316 3947 342 3994 in
352 3948 469 4007 portiones
478 3946 575 3994 ton'dem
582 3957 639 4008 quot
647 3948 754 4007 temporis
765 3949 885 3996 iutervdla
915 3963 956 3994 ma
965 3963 1017 4009 quae
1028 3948 1083 3995 totis
1091 3949 1232 4009 temporibus
1242 3948 1288 3993 sint
1295 3947 1480 4008 proportionalia,
1487 3964 1537 4010 ,nu-

266 4010 293 4058 in
304 4011 437 4059 vibrationis
447 4008 568 4060 duratione
579 4011 675 4060 fuerunt
689 4023 814 4072 assumpta,
831 4027 885 4075 qua
916 4027 994 4058 merus
1009 4011 1110 4072 partium
1120 4027 1301 4071 compressamm
1317 4011 1416 4072 singulis
1430 4021 1537 4072 tempus·

266 4075 377 4134 temporis
392 4073 512 4123 intensus
526 4074 641 4128 facilitatis
651 4089 706 4138 ergo
717 4077 814 4137 aequalia
829 4091 884 4136 sup·
916 4076 974 4122 culis
980 4075 1074 4122 diversis
1081 4086 1136 4122 sunt
1143 4073 1345 4136 iilistempusc'ulis
1355 4076 1538 4135 proportionales

266 4146 390 4196 ponantur,
407 4137 501 4200 singula
511 4139 586 4196 portio
597 4137 668 4186 medii
679 4154 730 4189 eam
742 4139 885 4196 velocitatem
917 4142 952 4203 (n.
969 4146 1004 4188 19.
1014 4140 1121 4201 hujusce)
1132 4137 1232 4201 idedque
1243 4139 1297 4184 totis
1308 4139 1464 4185 vibrationnm
1474 4148 1536 4185 tern-

266 4201 360 4248 bsbebit
369 4217 439 4264 quem
450 4201 532 4251 habuit
541 4201 626 4251 chorda
634 4203 659 4250 in
667 4213 784 4258 momento
793 4204 838 4263 ipsi
848 4219 884 4250 re-
916 4204 1010 4263 poribus
1020 4203 1206 4263 proportionales,
1217 4201 1293 4249 sedin
1304 4201 1398 4264 angon
1409 4203 1536 4250 vibratione

248 4321 252 4334 x
266 4264 396 4321 spondenti,
408 4265 492 4316 ultima
502 4265 577 4326 portio
587 4266 793 4314 siverentotissima
803 4283 817 4321 a
827 4268 884 4315 libra
915 4267 1013 4314 totidem
1028 4267 1173 4326 tempuscula
1188 4275 1305 4325 assumpta
1319 4276 1381 4322 sunt,
1399 4282 1456 4329 ergo
1471 4277 1536 4314 tobis

266 4329 885 4390 eamhabebitceterintemquamfibnhsbuerarprtmo
916 4346 1027 4377 numerus
1045 4331 1146 4390 partium
1161 4346 1214 4391 quae
1229 4331 1349 4391 singulum
1365 4331 1462 4390 pulsum
1478 4346 1535 4377 con-

266 4389 367 4446 instanti,
384 4393 513 4451 penultima
521 4393 596 4453 portio
606 4409 658 4441 eam
668 4394 806 4442 celeritatem
817 4396 886 4442 habet
916 4395 1017 4442 stituunt
1032 4404 1067 4440 est
1081 4394 1256 4455 proportionalis
1275 4395 1372 4452 tempori
1391 4395 1531 4441 vibrationis.

266 4467 337 4526 quam
345 4453 402 4502 fibra
409 4455 490 4508 habult
496 4457 597 4506 mundo
603 4457 706 4515 instanti,
717 4459 759 4506 &o
769 4476 777 4516 ;
788 4473 885 4520 sequen-
919 4458 965 4506 Sed
976 4458 1082 4504 distantia
1097 4459 1128 4504 ad
1143 4473 1213 4520 quam
1223 4459 1327 4516 pervenit
1337 4457 1418 4516 pulsus
1429 4469 1464 4504 cst
1473 4474 1535 4503 serm

266 4515 506 4576 uverdtempusculo
521 4521 604 4570 ultima
619 4522 695 4581 portio
710 4523 884 4582 pulsusadno·
915 4537 957 4585 per
972 4537 1070 4569 numero
1091 4522 1192 4583 partium
1212 4522 1394 4582 pmportionolis·
1429 4521 1537 4585 ldet‘rqne

266 4594 319 4626 vent
329 4581 459 4640 portionem
469 4583 512 4630 sibi
519 4585 632 4646 aqualem
642 4595 666 4632 ct
676 4585 808 4635 ulteriorem
818 4601 885 4632 suam
917 4587 1025 4635 demntia
1040 4586 1070 4633 ad
1088 4602 1159 4648 qnam
1175 4586 1278 4645 pervenit
1294 4585 1375 4643 pulsus
1391 4596 1425 4632 est
1435 4588 1537 4644 tempori

267 4644 410 4692 velocitatem
429 4645 564 4709 propagabit
586 4650 667 4712 (hujus
685 4649 737 4710 21.)
757 4649 814 4696 durn
836 4649 886 4709 ipsa
917 4647 1285 4710 vibrationisproportionolis,sed
1296 4649 1401 4695 velocitas
1409 4649 1493 4709 pulsus
1502 4658 1539 4698 cst

266 4708 375 4772 suscipiet
382 4707 517 4776 penultimae
524 4713 636 4771 portionis
644 4713 790 4772 celeritatem,
803 4714 887 4776 putul-
918 4714 1063 4763 distantiaad
1073 4730 1142 4778 quarn
1153 4714 1257 4774 pervenit
1264 4712 1481 4776 divuapertempus
1489 4729 1539 4778 quo
