3275 5650
256 473 319 533 218
444 453 448 458 ’
576 459 917 532 PHILOSOPHIAE
939 461 1211 529 NATURALIS
1260 462 1374 542 [Mor.
1382 461 1537 526 Corsos.

253 637 286 700 A
302 635 331 701 B
345 623 377 700 et
393 635 425 698 K
442 634 727 721 Lquoad'sensum
741 643 912 712 evanescat,
929 644 1047 696 etvena
1058 653 1147 718 aquae
1160 631 1393 696 horizontaliter
1407 631 1538 694 exilien-

251 745 292 807 tis
306 744 438 830 figuram
457 734 667 827 parabolicam
687 738 846 804 efformet:
871 742 910 824 (5)
926 763 966 804 ex
981 741 1076 802 latere
1091 753 1177 802 recto
1192 739 1283 822 hujus
1298 739 1456 823 parabolae
1471 738 1537 802 col-

250 841 475 935 ligetun'quod
489 841 635 912 velocitas
649 847 906 935 aquae'effluentis
921 874 958 915 ea
972 853 1012 914 sit
1026 875 1118 937 quam
1134 874 1247 935 corpus
1263 852 1302 914 ab
1317 872 1406 935 aquoe
1421 852 1452 912 in
1462 873 1536 916 vase

250 955 420 1040 stagnantis
446 947 611 1018 altitudine
633 954 670 1017 Η
687 956 719 1020 G
739 955 789 1018 vel
811 957 829 1019 I
846 956 879 1020 G
900 955 1040 1020 cadendo
1060 957 1219 1040 acquirere
1233 955 1392 1038 potuisset.
1437 956 1535 1020 Facto

249 1053 356 1146 utique
370 1055 585 1142 experimento
599 1061 704 1124 inveni
718 1061 813 1146 quod,
841 1063 867 1124 si
889 1060 1020 1125 altitudo
1042 1083 1131 1145 aquae
1153 1061 1324 1146 stagnantis
1341 1082 1437 1145 supra
1451 1061 1535 1124 fora·

248 1187 322 1228 men
336 1175 417 1228 esset
430 1165 539 1251 viginti
552 1155 722 1250 digitorum
736 1177 768 1229 et
781 1165 913 1229 altitudo
927 1165 1087 1230 foraminis
1110 1187 1204 1248 supra
1224 1165 1353 1248 planum
1374 1164 1528 1229 horizonti

248 1274 431 1359 parallelum
444 1287 526 1339 esset
540 1298 664 1362 quoque
686 1276 796 1362 viginti
810 1275 989 1362 digitorum,
1012 1297 1091 1338 vena
1105 1297 1194 1360 aquae
1207 1274 1396 1357 prosilientis
1412 1274 1531 1337 incide-

248 1395 298 1446 ret
319 1384 354 1446 in
377 1373 506 1466 planum
531 1385 610 1448 illud
628 1386 670 1448 ad
690 1385 867 1448 distantiam
891 1385 1060 1472 digitorum
1079 1391 1119 1452 37
1145 1385 1265 1447 circiter
1279 1407 1298 1446 a
1312 1382 1535 1467 perpendiculo

249 1494 334 1578 quod
348 1495 381 1556 in
395 1495 525 1580 planum
539 1493 617 1556 illud
632 1517 652 1556 a
666 1493 817 1557 foramine
839 1493 1060 1558 demittebatur
1074 1504 1206 1577 captam.
1252 1493 1335 1554 Nam
1357 1492 1423 1554 sine
1445 1492 1535 1552 resis-

247 1599 353 1677 tendi,
369 1625 448 1665 vena
463 1603 501 1686 (¹)
517 1602 654 1666 incidere
668 1602 827 1666 debuisset
841 1602 874 1664 in
888 1602 1016 1686 planum
1031 1601 1109 1665 illud
1118 1601 1157 1664 ad
1170 1601 1346 1664 distantiam
1361 1600 1532 1687 digitorum

247 1717 299 1786 40,
316 1711 466 1776 existente
477 1735 566 1776 veuoe
579 1712 768 1798 parabolica
781 1712 877 1775 latere
893 1724 979 1775 recto
993 1711 1161 1795 digitorum
1178 1720 1229 1774 80.

294 1821 362 1883 cas.
378 1831 408 1884 4.
459 1821 546 1896 Quin
562 1823 654 1885 etiam
669 1844 750 1906 aqua
764 1821 903 1898 effluens,
927 1822 953 1884 si
968 1843 1092 1884 sursum
1106 1819 1231 1897 seratur,
1254 1819 1361 1884 eidem
1377 1820 1534 1906 egreditur

247 1947 319 1989 cum
333 1927 505 1992 velocitate.
551 1928 702 1992 Ascendit
715 1929 798 1992 enim
813 1912 1070 2014 aquoe‘exilientis
1085 1949 1164 1990 vena
1176 1948 1273 2009 parva
1293 1938 1381 1989 motu
1399 1948 1532 2009 perpen-

247 2031 378 2096 diculari
392 2027 433 2097 ad
447 2023 538 2119 aquae
552 2035 586 2097 in
600 2024 673 2098 uase
687 2029 1067 2121 stagnantis'altitudinem
1084 2032 1117 2096 G
1133 2031 1170 2095 H
1185 2031 1234 2094 vel
1250 2031 1282 2096 G
1298 2031 1324 2107 Ι,
1348 2032 1409 2094 nisi
1425 2035 1531 2116 quite-

246 2159 307 2202 nus
333 2162 477 2204 ascensus
503 2141 569 2224 ejus
594 2141 635 2204 ab
656 2141 736 2204 ae'ris
761 2137 933 2203 resistentib
957 2138 1180 2223 aliquantulum
1207 2136 1392 2221 impediatur
1399 2161 1408 2212 3
1437 2138 1476 2220 (²)
1499 2159 1533 2199 ac

245 2245 379 2328 proinde
394 2245 430 2309 eri
446 2243 543 2310 effluit
556 2246 631 2310 cum
643 2245 806 2309 velocitate
820 2265 914 2329 quam
929 2244 969 2308 ab
983 2243 1144 2308 altitudine
1159 2241 1211 2306 illi
1223 2242 1362 2306 cadendo
1373 2243 1533 2326 acquirere

244 2351 419 2433 potuisset·
448 2353 563 2437 ‘Aquoe
587 2351 765 2438 ¹stagnantis
797 2350 950 2435 particula
982 2371 1178 2435 unaquaeque
1210 2347 1347 2433 undique
1379 2349 1534 2431 premitur

147 2504 150 2510 ,
243 2455 406 2540 equaliter
420 2462 490 2541 (per
506 2458 602 2542 Prop.
618 2457 717 2521 XIX.
735 2456 807 2520 Lib.
825 2456 884 2536 11.)
907 2457 1103 2540 etpressioni
1117 2455 1258 2519 cedendo
1280 2453 1392 2539 aequali
1414 2455 1533 2537 impetu

243 2560 278 2624 in
292 2583 400 2626 omnes
414 2575 519 2647 partes
539 2564 647 2642 fertur,
674 2565 738 2652 sive
752 2565 999 2651 descendat'per
1019 2565 1158 2630 foramen
1179 2565 1211 2627 in
1233 2563 1332 2628 fundo
1353 2564 1445 2641 vasis,
1470 2565 1533 2627 sive

243 2667 477 2751 horizontaliter
490 2673 595 2737 effluat
608 2696 666 2758 per
679 2674 819 2739 foramen
834 2675 867 2738 in
883 2677 949 2760 ejus
964 2675 1070 2753 latere,
1087 2676 1152 2740 sive
1164 2675 1341 2762 egrediatur
1349 2675 1382 2736 in
1393 2674 1532 2737 canalem

243 2788 276 2841 et
289 2776 363 2841 inde
377 2777 524 2856 ascendat
537 2801 596 2863 per
608 2779 749 2845 foramen
767 2803 900 2867 parvum
922 2783 955 2845 in
977 2783 1135 2867 superiore
1158 2781 1274 2847 canalis
1295 2780 1532 2866 parteiactum.

247 2882 292 2947 Et
312 2884 507 2950 velocitatem
522 2886 583 2972 quai
598 2910 680 2973 aqua
701 2886 798 2952 effluit
818 2910 887 2951 eam
909 2910 985 2965 esse,
1012 2910 1105 2973 quam
1120 2889 1153 2951 in
1166 2886 1226 2949 haic
1242 2886 1460 2971 Propositione
1482 2908 1533 2950 as·

244 3053 324 3115 (272),
342 3062 383 3101 aut
399 3055 463 3115 quod
479 3054 540 3102 iden
556 3064 600 3113 eat,
616 3055 641 3101 iu
655 3056 744 3104 ratione
754 3055 873 3115 duplicati
904 3066 977 3107 meter
997 3059 1022 3106 D
1035 3058 1063 3105 H
1080 3072 1121 3107 seu
1139 3058 1252 3107 verticalis
1270 3058 1330 3107 BD
1347 3059 1461 3121 producta
1478 3061 1530 3119 (4ο.

242 3131 304 3163 arere
314 3117 395 3163 circuli
407 3118 430 3164 E
445 3117 507 3165 Fad
516 3134 594 3165 aream
602 3120 683 3166 circuli
696 3122 719 3165 Α
730 3122 760 3177 Β,
771 3118 872 3182 ideoque
905 3122 959 3169 Lib.
975 3122 995 3168 1.
1000 3122 1017 3181 )‚
1036 3122 1140 3182 capiatur
1150 3122 1248 3171 abscissa
1265 3122 1290 3171 D
1303 3124 1329 3170 H
1346 3122 1442 3185 aqualia
1453 3122 1534 3167 altitu-

242 3180 332 3253 airatio
344 3180 367 3227 Ε
381 3181 401 3227 F
412 3181 443 3227 ad
455 3181 479 3227 A
492 3182 514 3229 B
526 3197 596 3241 parva
605 3183 643 3241 ait,
654 3184 732 3231 minor
741 3184 818 3231 adhuc
826 3184 870 3231 erit
902 3185 952 3233 dini
965 3186 986 3233 B
1000 3187 1033 3241 D,
1046 3186 1190 3251 duceturque
1200 3188 1305 3235 ordinata
1323 3186 1350 3233 H
1363 3188 1391 3242 Z,
1408 3200 1461 3247 quae
1478 3183 1542 3231 tan?

242 3251 302 3288 ratic
319 3243 333 3289 Ι
346 3244 374 3289 H
385 3242 415 3290 ad
427 3244 439 3289 1
453 3244 485 3303 G,
503 3254 528 3293 et
544 3246 572 3293 H
586 3246 618 3304 G,
635 3248 649 3295 1
663 3248 686 3296 G
696 3258 766 3297 erunt
775 3248 805 3296 ad
815 3262 868 3295 sen·
902 3250 966 3311 genti
979 3250 1005 3297 D
1018 3250 1040 3296 T
1050 3249 1159 3309 parallelo
1174 3252 1233 3309 erit3
1250 3262 1273 3298 et
1283 3264 1332 3311 quo
1346 3260 1451 3309 tempore
1462 3258 1534 3309 gutta

243 3319 297 3352 sum
307 3306 415 3369 equale·
900 3328 967 3375 aquae
978 3313 1001 3358 vi
1011 3314 1128 3374 gravitatis
1138 3314 1242 3361 cadendo
1252 3313 1402 3361 altitudinem
1419 3314 1442 3359 B
1457 3314 1483 3358 D
1495 3312 1533 3357 vel

906 3376 931 3423 D
942 3376 969 3423 H
980 3376 1087 3425 describit
1097 3380 1207 3424 uniformi
1218 3376 1259 3425 ille
1267 3376 1387 3423 velocitate
1394 3389 1465 3437 quam
1475 3391 1533 3421 casu

904 3456 945 3500 per
958 3442 979 3487 B
993 3442 1018 3488 D
1028 3442 1155 3503 adquisivit,
1167 3441 1273 3489 describit
1283 3439 1456 3502 longitudinem
1471 3440 1531 3484 ΗΖ

904 3504 976 3563 ipsius
996 3506 1018 3551 B
1037 3506 1062 3551 D
1081 3504 1117 3564 rel
1136 3504 1161 3551 D
1180 3506 1206 3551 H
1225 3504 1327 3564 duplam,
1347 3502 1531 3566 (so.Lib1.).

905 3566 980 3615 Latus
998 3579 1086 3615 rectum
1100 3568 1215 3627 parabolae
1234 3568 1260 3615 D
1276 3568 1301 3614 N
1318 3568 1345 3623 Z,
1364 3565 1484 3627 pertinens
1501 3566 1534 3612 ad

903 3668 1040 3717 diametrum
1054 3671 1079 3717 D
1089 3670 1115 3717 H
1123 3680 1158 3719 est
1165 3632 1246 3757 {lg—{1²
1258 3669 1355 3732 (Theor.
1366 3668 1387 3715 1.
1399 3667 1429 3713 de
1436 3667 1533 3729 parab)

902 3770 1001 3834 ideoque
1011 3772 1065 3819 edm
1076 3772 1105 3820 sit
1118 3773 1144 3821 H
1157 3771 1456 3825 Z=aDH=aBn
1468 3769 1536 3815 latua

902 3846 991 3883 rectum
1003 3844 1063 3883 esta
1076 3837 1097 3883 B
1111 3837 1142 3883 D.
1180 3837 1256 3898 igitur
1267 3834 1365 3881 altitudo
1378 3836 1400 3881 B
1414 3834 1440 3881 D
1457 3848 1533 3893 quam

799 3931 802 3935 ‹
902 3914 962 3962 aqua
979 3899 1082 3951 cadendo
1099 3900 1225 3945 describere
1246 3898 1314 3960 debet
1332 3907 1359 3944 ut
1381 3898 1535 3944 velocitatem

901 3952 1536 4085 triumtabernensium

901 4090 1044 4150 pertinentis.

936 4182 974 4246 (¹)
987 4186 1000 4215 '
1013 4186 1118 4231 Incidere
1129 4185 1236 4231 detumet
1246 4185 1378 4244 inpluvium
1390 4185 1457 4230 illud.
1496 4181 1537 4229 Sit

787 4285 799 4301 ,
903 4245 966 4291 enim
982 4246 1082 4293 altitudo
1099 4247 1120 4293 B
1134 4247 1159 4293 D
1170 4266 1204 4291 =
1217 4247 1242 4294 D
1256 4248 1281 4293 H
1295 4247 1361 4307 digit.
1375 4252 1414 4301 20,
1433 4255 1457 4291 et
1472 4245 1534 4306 quia

904 4310 927 4357 B
936 4310 961 4357 D
969 4319 1004 4357 cat
1012 4324 1065 4369 pare
1072 4319 1153 4370 quarta
1162 4310 1239 4356 lateris
1248 4310 1305 4357 recti
1313 4310 1427 4371 parabole
1438 4310 1462 4355 D
1470 4310 1493 4355 N
1502 4308 1534 4363 Z,

788 4369 802 4380 ‘
902 4388 973 4435 quam
984 4388 1044 4433 aqua
1053 4372 1103 4420 siue
1110 4371 1237 4421 resistentib
1243 4373 1387 4429 describeret,
1399 4372 1461 4419 latus
1468 4371 1536 4419 illud

240 4454 751 4582 ulimmerianum
764 4458 865 4585 tarr
887 4446 994 4575 {ili
1009 4436 1127 4562 suist
1140 4435 1536 4575 uetuerimne

239 4587 280 4631 bet
298 4584 321 4629 D
332 4583 355 4629 Τ
370 4584 450 4631 affin
459 4600 513 4631 eum
524 4586 552 4632 ὠ
561 4587 682 4635 velocium
697 4602 768 4649 qum
778 4602 820 4647 per
829 4587 864 4634 ι]-
898 4562 1018 4611 drstantras
1028 4569 1066 4611 40·
1080 4572 1104 4610 et
1116 4570 1153 4612 37.
1167 4563 1232 4627 digit.
1251 4573 1386 4611 resistemus
1403 4562 1536 4611 tribuenda

240 4647 365 4693 stuariam
386 4648 408 4693 n
428 4649 454 4694 o
474 4648 577 4696 catena,
598 4651 715 4713 acquirere
735 4660 817 4711 potest,
840 4659 864 4698 et
897 4637 938 4675 ³⁸2
1019 4660 1022 4667 ¹
1185 4647 1189 4661 “
1346 4660 1349 4665 ”
1390 4658 1392 4661 ·
1567 4704 1571 4709 ,

239 4711 330 4758 sublati
349 4710 420 4785 medii
441 4710 575 4769 resistentia,
597 4713 710 4761 describat
730 4715 863 4774 parabolam
930 4710 965 4775 (³)
979 4716 992 4743 ⁸
1005 4706 1271 4777 Aemoindeedeffluil
1278 4730 1334 4763 cum
1345 4714 1462 4762 advocate
1473 4712 1533 4773 (25.

241 4776 267 4822 D
281 4776 305 4821 N
317 4777 343 4832 Ζ,
360 4790 428 4837 cujus
438 4784 515 4819 vertex
533 4776 566 4831 D,
582 4784 681 4838 tangens
693 4778 718 4823 D
731 4779 760 4834 T,
780 4787 804 4825 et
813 4778 863 4827 dia·
898 4782 938 4850 99.
954 4776 1006 4823 Lib.
1023 4777 1067 4833 1.).
