3275 5650
201 405 434 470 Lama
452 400 788 480 secum]
850 399 1332 468 PRINCIPIA
1378 374 2116 469 MATHEMATICA.
2648 412 2765 471 εισι

200 571 376 637 missi
395 592 532 634 sese
561 570 630 634 in
658 592 876 634 omnes
899 569 1166 634 cubiculi
1183 581 1391 654 partes
1413 570 1694 647 dilatant,
1726 572 1914 656 inque
1934 570 2177 658 angulis
2201 571 2488 635 omnibus
2511 573 2773 636 audiu'n-

197 696 318 759 tur,
352 702 482 744 non
512 690 642 742 tam
671 679 888 743 reflexi
917 702 955 742 a
980 678 1318 763 parietibus
1348 679 1669 763 oppositiS‚
1702 700 1888 765 quam
1917 702 1956 743 a
1982 678 2251 744 fenestra
2284 678 2517 743 directe
2544 702 2776 765 propa-

200 789 349 877 gati,
383 784 691 874 quantum
721 808 802 849 ex
830 807 1014 849 sensu
1037 786 1318 872 judicare
1347 786 1508 850 licet.

283 902 428 965 Cas.
466 909 523 962 3.
591 897 906 962 Ponamus
937 888 1204 983 denique
1234 896 1404 981 quod
1432 907 1639 960 motus
1670 897 2088 983 cujuscunque
2116 898 2363 985 generis
2393 909 2777 983 propagetur

198 1010 275 1073 ab
308 1010 375 1072 A
401 1030 517 1094 per
544 1007 824 1071 foramen
857 1007 915 1071 B
948 1005 1042 1070 C:
1090 1017 1152 1069 et
1179 1007 1475 1092 quoniam
1501 1008 1872 1094 propagatio
1900 1007 2019 1073 ista
2046 1028 2175 1070 non
2204 1008 2293 1085 fit,
2319 1007 2443 1071 nisi
2468 1006 2774 1091 qufitenus

196 1128 412 1202 partes
439 1114 630 1180 medii
660 1118 877 1179 centro
909 1114 970 1179 A
998 1113 1322 1199 propiores
1349 1125 1578 1202 urgent
1606 1125 2121 1200 commoventque
2162 1125 2369 1199 partes
2413 1111 2771 1190 ulteriores3

195 2914 258 2965 et
283 2913 492 2986 partes
523 2923 664 2986 quae
694 2912 998 2988 urgentur
1039 2897 1251 2962 fluidae
1296 2909 1457 2974 sunt,
1505 2894 1773 2979 ideoque
1820 2890 2122 2957 recedunt
2165 2909 2659 2976 quaquaversum
2702 2888 2770 2949 in

191 3008 482 3094 regiones
529 3007 639 3071 ubi
682 3007 887 3069 minus
945 3016 1346 3088 premuntur:
1410 3000 1703 3065 recedent
1762 2998 1998 3061 eaedem
2056 3018 2270 3061 versus
2318 2996 2509 3059 medii
2559 3005 2770 3078 partes

194 3140 415 3195 omnes
465 3116 870 3201 quiescentes
925 3127 1054 3178 tam
1104 3112 1386 3178 laterales
1439 3110 1504 3173 K
1538 3109 1594 3173 L
1633 3121 1698 3172 et
1736 3108 1802 3170 N
1832 3106 1917 3184 O,
1968 3103 2155 3191 quum
2205 3105 2543 3168 anteriores
2593 3103 2647 3167 P
2680 3102 2765 3178 Q,

193 3245 396 3307 eoque
421 3234 604 3307 pacto
633 3234 839 3286 motus
868 3221 1090 3298 omniS,
1139 3242 1326 3305 quam
1363 3217 1636 3301 primum
1664 3237 1779 3299 per
1808 3212 2089 3277 foramen
2122 3212 2179 3277 B
2213 3211 2267 3274 C
2296 3211 2561 3287 transiit,
2612 3208 2770 3272 dila-

193 3329 312 3392 tari
341 3329 595 3412 incipiet
623 3341 686 3392 et
712 3329 859 3392 inde
877 3338 1172 3414 tanquam
1201 3350 1238 3389 a
1265 3323 1574 3410 principio
1604 3332 1669 3385 et
1698 3331 1935 3397 centro,
1963 3320 2032 3382 in
2053 3329 2266 3403 partes
2288 3339 2507 3384 omnes
2529 3313 2767 3381 directe

195 3435 548 3521 propagari.
642 3435 726 3510 Q.
758 3457 811 3499 e.
845 3433 907 3496 d.

261 3608 374 3652 299.
413 3603 628 3650 Lemma.
693 3605 769 3649 Vis
797 3602 1086 3649 acceleratrioe
1114 3595 1210 3662 qud
1236 3613 1388 3660 punc·

197 3677 303 3716 tum
337 3669 560 3730 quodlibet
597 3670 645 3714 Ρ
678 3668 808 3714 nervi
849 3667 963 3712 tensi
1004 3674 1048 3711 et
1089 3664 1389 3725 anyer-miter

198 3733 348 3779 crassi
389 3740 596 3790 urgetur,
648 3733 763 3778 dum
802 3745 885 3790 per
925 3730 1240 3776 brevissimum
1285 3741 1388 3786 spa·

199 3798 326 3843 tium
372 3796 616 3849 oscillatur,
665 3803 731 3840 est
771 3803 827 3843 ut
873 3794 1002 3840 nervi
1041 3788 1293 3839 curvatura
1336 3791 1389 3836 in

197 3861 356 3908 eodem
387 3859 496 3904 Ioco.
564 3856 750 3903 Nervus
790 3857 836 3902 A
875 3857 914 3903 C
957 3853 1162 3915 pondere
1204 3854 1250 3900 G
1285 3861 1389 3899 ten-

198 3937 284 3969 sus
314 3920 569 3968 oscillando
594 3920 855 3980 pervenerit
883 3919 944 3965 ad
975 3917 1249 3978 positionem
1281 3931 1388 3963 cur-

197 4001 275 4034 ve
304 3986 354 4032 A
383 3984 424 4032 P
449 3985 505 4039 C,
540 3999 650 4031 cum
679 3998 767 4032 axe
802 3985 849 4031 A
877 3983 918 4031 C
949 3980 1047 4029 fere
1073 3979 1387 4037 coincidentis,

198 4058 252 4097 et
282 4047 395 4110 quin
424 4047 549 4094 linea
583 4057 708 4095 recta
750 4048 790 4095 C
828 4047 873 4094 A
915 4044 1119 4107 pondere
1155 4044 1203 4090 G
1236 4043 1389 4090 tendi-

198 4122 284 4161 tur
323 4111 501 4173 ubique
546 4110 797 4174 aequaliter,
842 4109 1034 4173 aequalis
1074 4123 1260 4170 quoque
1303 4108 1391 4155 erit

197 4175 356 4224 tensio
377 4173 590 4222 omnium
611 4176 812 4237 partium
833 4189 986 4222 curvae
1013 4173 1060 4219 A
1087 4173 1128 4218 P
1155 4172 1194 4219 C
1226 4186 1390 4234 quam·

197 4239 429 4302 proxime.
503 4238 725 4287 Sumatur
764 4247 994 4299 punctum
1038 4252 1085 4297 p,
1129 4245 1302 4296 puncto
1348 4235 1392 4282 P

197 4302 626 4368 quamproximum,
651 4312 698 4349 et
718 4302 870 4348 ductis
890 4301 1184 4363 tangentibus
1210 4299 1300 4354 Pt,
1324 4307 1394 4360 pt

198 4367 588 4416 concurrentibus
602 4367 651 4412 in
665 4375 700 4422 t,
718 4365 1004 4425 compleatur
1020 4363 1391 4425 parallelogram-

197 4446 341 4479 mum
377 4429 422 4476 P
443 4438 464 4475 t
483 4445 516 4490 p
544 4446 582 4488 r,
615 4428 941 4492 ducanturque
974 4427 1034 4474 ad
1065 4442 1254 4474 curvam
1286 4442 1392 4473 nor-

197 4494 350 4543 male·
398 4493 442 4542 P
477 4492 538 4550 O,
583 4510 616 4554 p
650 4495 697 4543 Ο
718 4500 1046 4540 concurrentes
1077 4491 1128 4537 in
1169 4491 1228 4546 Ο,
1276 4491 1394 4536 vires

200 4556 410 4621 aquales
443 4556 614 4619 quibus
644 4572 777 4604 arcus
813 4570 1086 4605 evanescens
1126 4554 1166 4601 P
1198 4571 1241 4616 p,
1290 4555 1395 4617 (qui

200 4621 327 4669 sumi
349 4629 504 4683 potest
517 4637 602 4682 pro
614 4637 725 4668 arcu
737 4619 900 4668 circuli
916 4618 1045 4665 radio
1065 4618 1108 4665 P
1129 4618 1174 4665 O
1192 4617 1392 4679 descrip-

199 4685 238 4734 ti
263 4687 397 4749 (121.
425 4683 536 4735 Lib.
565 4685 637 4749 Ι.)
669 4685 720 4731 in
741 4682 1070 4732 directionibus
1098 4681 1393 4744 tangentium
1472 4729 1479 4734 ,
