3275 5650
289 435 332 495 rs
607 410 947 518 rnnosorfflrn
969 429 1241 500 nrrnnrus
1294 428 1562 512 macoma,

469 653 472 665 ’
532 683 815 752 Pnorosmo
845 687 907 752 nn
953 685 1229 755 innonnnr
1253 684 1329 752 v11.

286 880 402 950 Positis
404 880 475 966 jam
489 883 706 964 demorrstratis,
722 887 789 948 dico
803 881 892 970 quid,
913 884 1108 972 sitargerrtes
1121 886 1295 970 augulnmm
1309 879 1429 946 sectoris
1442 883 1566 945 circula-

328 991 374 1056 ris
388 1000 418 1054 et
429 992 551 1060 sectoris
564 986 747 1076 hyperbolica·
760 1001 915 1056 sumantur
935 991 1137 1057 velocitatibus
1151 977 1404 1074 proportioiares,
1427 989 1568 1053 existente

328 1095 517 1179 radiojustae
529 1099 766 1181 mgnitudinis:
782 1100 842 1161 erit
856 1106 968 1180 tempus
981 1119 1065 1161 omne
1077 1098 1257 1162 ascendendi
1270 1097 1313 1158 ar
1325 1097 1417 1159 locum
1430 1116 1568 1159 namnum

329 1211 472 1266 assertor
492 1203 607 1284 circili,
630 1214 660 1268 et
680 1215 791 1294 ternpus
811 1225 895 1267 omre
916 1205 1110 1268 descendendi
1118 1227 1144 1269 a
1157 1206 1221 1272 loco
1235 1223 1342 1272 summo
1354 1210 1388 1264 ur
1401 1211 1496 1264 sector
1515 1202 1569 1286 hy-

322 1308 466 1392 perbolae.

331 1505 440 1568 Rectoe
461 1505 492 1568 A
508 1505 546 1582 C,
569 1504 630 1592 qui
652 1505 698 1570 vis
710 1491 1075 1593 'gravitatiscxponitun
1098 1504 1362 1590 perpendicularis
1385 1515 1420 1567 ct
1441 1503 1569 1590 equilis

286 1612 418 1676 ducatur
433 1613 464 1676 A
478 1613 522 1678 D.
568 1614 687 1679 Centro
702 1615 736 1680 D
751 1615 979 1680 semidiametro
995 1617 1025 1679 A
1035 1616 1068 1680 D
1083 1614 1276 1680 describatur
1289 1626 1356 1677 tum
1370 1613 1482 1678 circuli
1496 1635 1571 1701 qun

286 1721 380 1826 drnns
395 1719 427 1786 A
441 1733 455 1786 t
470 1721 516 1800 E3
542 1733 609 1787 tum
628 1723 801 1810 hyperbolis
814 1722 995 1812 rectanguln
1009 1725 1041 1789 A
1057 1723 1090 1788 V
1105 1723 1132 1788 Z
1145 1744 1237 1789 axem
1250 1722 1368 1787 habens
1384 1721 1415 1788 A
1430 1721 1481 1802 X,
1502 1745 1572 1788 rer·

280 3769 374 3834 tieem
387 3762 589 3851 principalem
604 3762 646 3840 A,
662 3771 694 3826 et
707 3771 906 3848 asymptoton
926 3760 1015 3827 DC.
1060 3762 1227 3833 Ducuntur
1247 3771 1281 3836 D
1294 3794 1327 3856 p,
1343 3774 1380 3839 D
1397 3778 1439 3857 P,
1468 3796 1504 3849 et
1518 3786 1580 3851 erit

280 3886 382 3940 sector
396 3868 553 3935 circularis
566 3868 597 3932 A
611 3878 626 3932 t
639 3867 673 3932 D
689 3877 724 3932 ut
738 3879 862 3951 tempus
876 3888 970 3931 omne
991 3872 1179 3936 ascendendi
1199 3875 1240 3938 ad
1260 3876 1366 3943 locum
1393 3901 1579 3957 summum.
1616 3875 1618 3957 3

145 4012 147 4017 ·
279 3991 312 4043 ct
325 3990 425 4043 sector
439 3972 658 4063 hyperbolicus
673 3973 705 4035 A
721 3971 752 4035 T
766 3972 801 4038 D
816 3983 852 4037 ut
872 3983 996 4057 tempus
1016 3996 1109 4039 omne
1130 3958 1338 4045 descendendi
1354 4010 1375 4050 a
1389 3988 1467 4057 1000
1490 3940 1580 4063 sum:
1615 3964 1617 4018 A

280 4110 349 4150 mo:
374 4088 408 4151 Si
422 4084 517 4149 modo
531 4093 686 4147 sectorum
700 4091 863 4167 tangentes
879 4083 911 4145 A
924 4102 957 4165 p,
974 4084 1006 4146 A
1022 4082 1059 4157 P,
1075 4085 1138 4149 sint
1151 4096 1186 4150 ut
1200 4087 1391 4162 velocitates.

323 4194 392 4258 cas.
417 4203 446 4256 1.
478 4192 601 4279 Agatur
626 4188 709 4253 enim
732 4188 766 4253 D
785 4212 805 4252 v
823 4211 845 4275 q
867 4188 1051 4255 abscindens
1075 4196 1202 4259 sectoris
1226 4198 1258 4261 A
1273 4198 1307 4266 D
1322 4213 1337 4266 t
1362 4220 1398 4273 et
1421 4213 1581 4305 trianguli

280 4300 312 4365 A
326 4300 360 4363 D
375 4321 397 4384 p
411 4311 577 4376 momenta,
602 4320 657 4362 seu
670 4296 948 4383 particulcsqunm
962 4299 1107 4364 minimas
1121 4302 1213 4368 simul
1227 4306 1404 4396 descriptas
1419 4333 1436 4386 t
1451 4323 1488 4388 D
1502 4349 1525 4391 v
1547 4338 1581 4393 et

280 4428 302 4490 q
317 4404 351 4469 D
365 4425 397 4488 p.
430 4403 512 4468 Cum
525 4402 686 4489 particulae
699 4401 771 4479 illae,
787 4402 829 4466 ob
843 4405 994 4491 angulum
1008 4426 1204 4474 communem
1212 4413 1258 4493 D,
1274 4431 1350 4481 sunt
1366 4422 1408 4506 (α)
1419 4426 1455 4492 in
1471 4431 1581 4521 dupli-

278 4572 908 4702 ,rzizrrrsrffrrsrfflnr
937 4578 1581 4739 ffi‘irffisfflrrfflg
