3275 5650
281 450 323 511 ss
603 437 1237 514 rntnosoemrsuarunmm
1286 410 1556 526 [Monam

528 738 809 804 PROPOSITIO
833 740 913 804 XII.
959 739 1229 807 THEOREMA
1251 744 1315 807 IX.

277 914 387 983 Iisdem
395 914 514 995 positis,
531 913 598 975 dico
612 908 692 996 qadd
703 913 731 975 si
745 914 848 994 spotia
862 914 1011 995 descnpto
1024 922 1179 977 sumantur
1193 916 1227 976 in
1235 918 1447 998 progressione
1459 877 1554 981 orith-

320 1021 435 1098 maier,
459 1024 627 1087 velocitates
648 1019 723 1087 datct
745 1020 876 1106 quodam
896 1024 1067 1106 partitate
1079 1033 1175 1087 aneta
1191 1034 1279 1086 unat
1300 1026 1333 1087 in
1348 1029 1554 1108 progressione

318 1128 510 1216 geometricd.
1547 1144 1550 1152 ·

320 1298 360 1363 In
383 1308 558 1383 asymptoto
582 1298 660 1363 CD
681 1298 773 1363 detur
792 1311 945 1383 punctum
968 1300 1010 1378 R,
1034 1312 1066 1365 et
1086 1311 1190 1365 erecto
1213 1302 1436 1387 perpendiculo
1460 1304 1490 1368 R
1512 1306 1553 1382 S;
1629 1359 1633 1363 Α

278 1406 362 1493 quod
377 1418 520 1470 occurrat
532 1405 712 1491 hyperbolae
725 1405 759 1469 in
775 1407 808 1483 S,
832 1418 1009 1490 exponatur
1023 1408 1214 1492 descriptum
1228 1410 1362 1493 spatium
1375 1432 1433 1494 per
1454 1432 1554 1475 aream

276 1512 510 1600 hyperbolicam
533 1512 564 1576 R
581 1513 603 1576 S
619 1512 648 1575 E
663 1512 716 1587 D;
744 1522 775 1576 et
795 1512 942 1576 velocitas
966 1514 1025 1579 erit
1045 1525 1081 1577 ut
1101 1514 1264 1601 longitudo
1286 1514 1319 1578 G
1332 1514 1377 1591 D,
1401 1538 1554 1601 quaecum

277 1616 350 1683 dact
373 1617 451 1681 CG
471 1617 630 1701 componit
650 1616 877 1703 longitudinem
900 1617 977 1684 OD
998 1620 1031 1681 in
1056 1619 1273 1706 progressione
1293 1621 1479 1707 geometrici
1501 1623 1555 1686 de-

277 1735 476 1800 crescentem,
491 1723 610 1787 interea
624 1719 699 1787 dum
714 1724 848 1808 spatium
865 1724 896 1788 R
913 1725 937 1790 S
952 1725 982 1789 E
997 1725 1030 1789 D
1045 1736 1176 1813 augetur
1186 1726 1220 1789 in
1234 1725 1436 1791 arithmetici.

319 1832 359 1917 (¹¹)
383 1831 509 1897 Etenim
530 1833 572 1896 ob
591 1833 699 1896 datum
719 1833 810 1917 spatii

277 1940 502 2004 incrementum
517 1938 546 2003 E
560 1939 595 2004 D
609 1939 631 2002 d
646 1962 674 2016 e,
696 1938 811 2003 lineola

276 2046 310 2110 D
327 2047 359 2125 d,
375 2071 446 2133 quae
460 2047 690 2111 decrementum
705 2058 751 2110 est
765 2047 812 2131 ip-

276 2154 340 2217 sius
350 2155 383 2218 G
392 2154 436 2232 D,
446 2155 505 2219 erit
515 2153 673 2239 reciproce
683 2166 718 2217 ut
729 2152 808 2230 ΕΙ),

275 2258 409 2345 ὶάεὸᾳιιε
435 2260 550 2325 directe
568 2276 612 2331 ,ut
636 2260 664 2333 C,
678 2262 722 2337 D,
749 2260 811 2323 hoc

199 2427 202 2435 ,
276 2378 332 2444 est,
357 2380 392 2431 ut
415 2390 535 2431 summa
557 2367 696 2451 ejusdem
723 2367 756 2431 G
779 2366 812 2430 D

276 2486 309 2538 et
323 2474 527 2561 longitudinis
542 2475 623 2538 datoe
639 2475 668 2539 C
683 2474 725 2539 G.
750 2473 814 2539 Sed

275 2581 450 2645 velocitatis
472 2576 715 2657 decrementum,
737 2592 816 2644 tem·

273 2708 351 2773 pore
373 2690 431 2753 sibi
457 2689 615 2775 reciproce
635 2689 812 2774 proportio·
880 2672 902 2724 c
1021 2678 1047 2731 G
1089 2684 1124 2737 A

273 2796 347 2876 nali,
371 2818 434 2884 quo
455 2798 528 2863 data
545 2799 635 2883 spatii
655 2798 808 2883 particula

274 2905 309 2970 D
323 2906 345 2970 d
361 2929 379 2970 e
394 2906 423 2971 E
438 2907 631 2984 describitur,
650 2907 682 2990 (¹)
698 2919 746 2970 est
761 2917 797 2970 ut
810 2904 982 2968 resistentia
997 2915 1028 2966 et
1042 2913 1163 2988 tempus
1178 2904 1377 2989 conjunctim,
1400 2903 1434 2967 id
1448 2915 1494 2967 est
1508 2902 1558 2966 di·

273 3011 356 3076 recte
371 3025 407 3075 ut
421 3035 541 3076 summa
555 3012 687 3075 duarum
702 3009 917 3095 quantitatum,
943 3030 1075 3093 quarum
1089 3030 1152 3072 una
1166 3021 1214 3072 est
1226 3022 1262 3073 ut
1275 3009 1432 3086 velocitas,
1458 3009 1559 3072 altera

275 3128 309 3180 ut
322 3116 491 3179 velocitatis
503 3115 697 3200 quadratum,
714 3125 746 3177 et
759 3111 880 3176 inverse
895 3123 931 3174 ut
944 3112 1108 3189 velocitas3
1122 3113 1256 3199 ideoque
1267 3112 1383 3177 directe
1392 3129 1427 3178 ut
1435 3135 1560 3177 summa
1583 3175 1586 3182 .

272 3219 405 3283 duarum
427 3219 642 3306 quantitatum,
665 3239 794 3304 quarum
810 3239 874 3281 una
887 3216 989 3295 datur,
1012 3217 1109 3281 altera
1123 3230 1170 3282 est
1184 3230 1219 3282 ut
1233 3219 1387 3282 velocitas.
1432 3220 1556 3282 Decre-

273 3337 413 3390 mentum
426 3326 521 3414 igitur
535 3339 598 3391 tam
612 3325 781 3391 velocitatis
796 3347 892 3412 quam
905 3325 997 3392 lineae
1021 3326 1053 3390 G
1068 3326 1113 3404 D,
1138 3340 1185 3391 est
1205 3340 1241 3391 ut
1261 3329 1415 3413 quantitas
1429 3327 1502 3392 data
1524 3340 1561 3392 et

272 3433 427 3518 quantitas
442 3433 622 3498 decrescens
639 3433 838 3519 conjunctim,
862 3444 893 3496 et
906 3443 1036 3517 propter
1050 3432 1181 3520 analoga
1196 3434 1400 3513 decrementa,
1425 3434 1463 3520 (¹)
1479 3457 1560 3498 ana-

272 3539 353 3628 logae
368 3564 490 3628 semper
504 3553 595 3606 erunt
616 3542 804 3628 quantitates
826 3540 1062 3617 decrescentem
1084 3543 1230 3605 nimirum
1252 3543 1397 3608 velocitas
1419 3556 1451 3607 et
1471 3543 1561 3608 linea

273 3651 306 3715 G
321 3651 365 3717 D·
410 3651 452 3728 Q.
468 3675 496 3717 e.
512 3651 544 3716 d.

281 3773 285 3778 '
317 3759 415 3824 Corol.
433 3768 462 3823 1.
494 3759 528 3825 Si
542 3758 686 3823 velocitas
701 3769 875 3843 exponatur
895 3776 954 3840 per
975 3754 1200 3842 longitudinem
1225 3755 1258 3820 G
1271 3756 1316 3835 D,
1343 3756 1477 3842 spatium
1496 3758 1560 3822 de-

272 3864 421 3948 scriptum
435 3864 493 3928 erit
506 3876 542 3927 ut
556 3885 627 3927 area
641 3862 842 3949 hyperbolica
858 3861 892 3927 D
908 3860 937 3923 E
954 3861 977 3924 S
994 3860 1034 3924 R.

198 4003 202 4010 ·
317 3974 416 4036 Corol.
432 3979 462 4036 2.
487 3971 530 4035 Et
546 3973 572 4034 si
585 3983 744 4056 utcunque
757 3980 930 4035 assumatur
944 3981 1096 4055 punctum
1112 3969 1152 4046 R,
1168 3969 1341 4032 invenietur
1355 3981 1509 4054 punctum
1520 3972 1559 4037 G

271 4077 422 4160 capiendo
437 4077 470 4142 G
486 4077 517 4141 R
531 4075 572 4140 ad
588 4077 620 4141 G
635 4077 678 4154 D,
695 4087 730 4164 ut
744 4088 791 4140 est
804 4075 950 4139 velocitas
966 4075 1024 4138 sub
1039 4073 1126 4138 initio
1141 4073 1182 4136 ad
1191 4072 1384 4137 velocitatem
1394 4088 1466 4160 post
1479 4098 1556 4162 spa·

304 4263 340 4327 (l)
358 4268 372 4296 ⁸
389 4268 484 4314 Etenim
500 4267 525 4314 σὺ
540 4269 622 4314 datum
638 4266 705 4326 motii
718 4266 895 4320 incrementum,
928 4259 1033 4326 adedque
1048 4261 1102 4308 dato
1117 4260 1335 4322 spauiinoremenm
1348 4272 1378 4310 ut
1391 4262 1500 4310 velocitas
1516 4262 1560 4310 in-

271 4329 524 4390 perhyporhesimqud
535 4324 897 4389 spatiampponunmrinaritb·
928 4325 999 4373 verse.
1035 4324 1412 4385 ernredatospatiiincremento,
1424 4326 1560 4375 velocitatis

271 4389 356 4438 metica
366 4392 523 4454 progressione
533 4407 642 4440 crescere.
927 4389 1101 4436 decrementum
1111 4399 1146 4434 est
1156 4398 1184 4435 ut
1193 4390 1321 4436 resistam
1335 4389 1421 4437 directe
1430 4400 1455 4436 et
1464 4390 1560 4438 reloci-

272 4453 335 4564 νς)
348 4458 361 4484 ⁶
374 4458 419 4528 ξιτ
428 4464 461 4563 ἐκ
476 4458 601 4504 resistentia
613 4464 634 4503 et
645 4465 732 4516 tempus
744 4453 896 4562 σρηίυηᾱοιῐίᾜ
928 4460 963 4498 tas
980 4450 1076 4561 53:33,
1096 4451 1121 4562 ig
1136 4461 1177 4510 est,
1197 4451 1282 4502 ducas
1298 4463 1325 4502 ut
1343 4469 1434 4502 summa
1448 4454 1560 4503 duamm

271 4525 601 4644 tegqupppnjuqccqisgqqqsp
607 4525 849 4642 ermemiro
859 4578 896 4624 in·
926 4529 995 4640 qupp)
1009 4580 1021 4609 t
1035 4530 1145 4640 Amnitogss
1155 4589 1325 4643 temperarem,
1341 4580 1385 4627 stc.
1418 4580 1480 4643 (Per
1491 4579 1556 4629 (ἔα.

271 4653 415 4692 cremcnmm
432 4644 499 4704 spatii
517 4644 602 4692 directe
623 4656 646 4692 et
667 4643 775 4692 velocitas
795 4639 894 4699 inverse,
927 4639 995 4688 Iaetn.
1010 4639 1058 4689 1v.
1073 4642 1125 4690 Lib.
1140 4642 1184 4702 1.).
