3275 5650
102 426 216 494 Luna
232 427 397 508 Saeuum]
436 425 677 494 PRINCIPIA
697 426 1070 507 *MATHEMATICA
1322 439 1384 496 219

101 597 302 685 signavimus,
324 620 389 662 non
403 597 505 662 solrim
526 597 645 662 ratione
660 598 824 684 colligitur,
848 599 903 662 sed
918 599 1010 662 etiam
1024 618 1082 681 per
1097 596 1308 681 experimenta
1328 621 1385 662 no-

100 702 222 771 tissima
229 709 298 790 jam
312 707 468 791 descripta
480 707 679 772 manifestum
693 719 750 772 est.

145 819 214 880 cas.
233 825 263 880 5.
310 817 430 880 Eadem
444 829 493 880 est
505 840 595 903 aquae
610 819 762 883 effluentis
784 820 941 897 velocitas,
966 821 1030 884 sive
1048 820 1151 908 figura
1164 818 1324 882 foraminis
1346 817 1386 880 sit

100 922 271 999 circularis,
297 923 362 986 sire
388 924 539 1009 quadrata
563 925 613 988 vel
635 926 833 1012 triangularis
856 939 910 991 aut
938 927 999 990 alia
1021 948 1214 1012 quaecunque
1243 923 1387 989 circulari

98 1029 239 1115 aequalis.
284 1030 368 1093 Nam
390 1030 537 1096 velocitas
558 1055 648 1118 aquae
670 1033 823 1098 effluentis
844 1057 910 1099 non
935 1035 1051 1120 pendet
1065 1059 1085 1100 a
1098 1035 1199 1122 figuri
1214 1032 1384 1110 foraminis,

99 1139 155 1202 sed
172 1140 272 1202 oritur
286 1140 326 1202 ab
341 1140 406 1223 ejus
421 1139 583 1205 altitudine
597 1142 678 1206 infra
691 1143 820 1226 planum
837 1143 870 1208 K
885 1144 924 1209 L.

146 1243 264 1311 casse
312 1247 346 1311 Si
367 1247 448 1311 vasis
471 1253 503 1312 A
519 1248 595 1311 BD
613 1249 641 1312 C
662 1271 735 1332 pars
756 1252 805 1313 in-

99 1353 198 1417 ferior
212 1354 245 1416 in
259 1377 374 1438 aquam
389 1367 585 1440 stagnantem
603 1355 804 1443 immergatur
909 1423 913 1436 ,

100 1472 132 1524 et
146 1459 281 1523 altitudo
306 1483 395 1545 aquae
419 1461 590 1548 stagnantis
616 1483 712 1546 supra
731 1462 803 1526 fun·
853 1424 888 1482 Α

101 1567 180 1630 dum
202 1567 284 1630 vasis
305 1568 346 1630 sit
369 1568 402 1632 G
419 1569 468 1631 R:
498 1568 644 1632 velocitas
664 1569 800 1654 quicum

100 1696 183 1758 aqua
198 1697 269 1758 quae
279 1675 312 1737 in
321 1698 393 1738 vase
407 1687 464 1751 est,
481 1673 585 1740 effluet
593 1697 651 1759 per
660 1676 801 1741 foramen

103 1782 172 1845 EF
185 1783 220 1844 in
234 1805 348 1867 aquam
363 1795 567 1870 stagnantem,
584 1806 621 1847 ea
635 1784 695 1846 erit
708 1807 802 1869 quam

102 1911 186 1973 aqua
210 1889 352 1952 cadendo
375 1905 406 1954 et
428 1912 499 1958 casu
521 1912 578 1952 suo
599 1883 804 1955 describendo

102 1998 302 2060 altitudinem
317 1998 334 2061 Ι
351 1998 382 2060 R
397 1999 557 2084 acquirere
570 2009 700 2082 potest.-
718 1999 802 2062 Nam

101 2105 227 2189 pondus
241 2127 332 2190 aquae
346 2106 447 2168 omnis
462 2106 493 2168 in
509 2128 582 2170 vase
596 2129 667 2192 quae
675 2107 802 2171 inferior

101 2224 149 2276 est
163 2213 329 2296 superficie
343 2235 434 2298 aquae
451 2215 632 2300 stagnantis,
649 2215 802 2280 substine-

100 2320 187 2384 bitur
211 2322 246 2383 iu
270 2319 443 2406 aequilibrio
472 2342 530 2404 per
559 2321 683 2406 pondus
713 2343 802 2406 aquae

102 2428 284 2514 stagnantis,
300 2427 433 2512 ideoque
447 2440 569 2491 motum
583 2449 672 2513 aquae
687 2428 903 2492 descendentis
918 2431 951 2491 in
966 2451 1038 2492 vase
1052 2427 1180 2492 minime
1195 2429 1390 2496 accelerabit.

103 2536 230 2600 Patebit
243 2535 337 2599 etiam
351 2548 383 2598 et
396 2535 448 2598 hic
463 2530 556 2616 casus
567 2557 625 2621 per
638 2537 861 2619 experimenta,
886 2537 925 2621 (b)
941 2538 1152 2600 mensurando
1174 2539 1292 2604 scilicet
1312 2553 1391 2604 tem·

100 2667 181 2728 pora
195 2646 309 2730 quibus
323 2666 404 2729 aqua
418 2643 524 2708 effluit.
1225 2702 1241 2726 ‚

145 2753 183 2837 (⁰)
201 2754 300 2816 Corol.
318 2758 345 2813 1.
392 2750 481 2814 Hinc
495 2751 522 2813 si
536 2773 625 2837 aquae
639 2751 771 2814 altitudo
788 2752 863 2815 CA
880 2752 1072 2835 producatur
1087 2752 1127 2816 ad
1144 2753 1192 2831 K,
1210 2764 1245 2816 ut
1259 2755 1300 2817 sit
1315 2756 1346 2818 A
1358 2757 1391 2820 K

101 2861 143 2925 ad
160 2861 189 2924 C
206 2861 240 2923 K
265 2861 300 2921 in
323 2859 479 2944 duplicati
502 2862 622 2925 ratione
642 2884 723 2924 areae
744 2860 902 2927 foraminis
924 2862 957 2923 iu
979 2862 1087 2947 quisvis
1101 2864 1190 2926 fundi
1203 2878 1292 2948 parte
1306 2866 1389 2943 facti,
1406 2871 1407 2875 ’

100 2972 142 3035 ad
168 2993 275 3034 aream
296 2969 403 3033 circuli
427 2970 458 3034 A
475 2970 522 3033 B:
548 2970 695 3033 velocitas
717 2966 807 3055 aquae
831 2970 983 3033 effluentis
1004 2972 1132 3057 aequalis
1154 2973 1213 3035 erit
1235 2974 1391 3038 velocitati

100 3100 198 3163 quam
219 3098 301 3163 aqua
323 3075 463 3139 cadeudo
477 3087 509 3139 et
522 3098 596 3140 casu
610 3097 667 3139 suo
682 3076 886 3141 describendo
912 3078 1107 3143 altitudinem
1131 3079 1208 3143 ΚΟ
1230 3084 1391 3167 acquirere

99 3200 216 3271 potest

123 3298 188 3386 κ((1)
207 3298 305 3361 Corol.
321 3306 351 3361 2.
397 3300 440 3363 Et
455 3300 509 3377 vis,
529 3300 591 3385 quai
611 3311 695 3363 totus
710 3321 799 3387 aquae
814 3298 968 3365 exilientis
988 3313 1090 3365 motus
1112 3304 1255 3389 generari
1276 3314 1388 3387 potest,

134 3470 171 3534 (⁸)
195 3474 209 3501 ¹¹
230 3472 388 3521 Mannrando
414 3474 497 3519 scilicet
523 3481 625 3533 oempcro
647 3475 729 3534 quibas
763 3472 1022 3521 Venetiiseditaesunt.
1059 3472 1149 3520 Verum
1167 3474 1254 3521 Daniel
1273 3474 1390 3535 Bemnul-

96 3537 294 3645 ffl‘uli‘ti‘
303 3535 611 3641 mmmm?
621 3536 731 3595 “mm''
762 3535 1153 3660 ltalffitnit‘nlwll
1175 3538 1399 3647 limitti-

132 3660 199 3773 (ἕλ’
213 3664 285 3711 corot
301 3668 323 3709 1.
349 3662 417 3710 Patet
427 3677 469 3723 per
481 3671 531 3709 not
544 3668 599 3712 275.
612 3671 636 3710 et
646 3677 692 3711 cas.
705 3668 728 3709 2.
764 3669 781 3693 ‘⁴
793 3663 973 3773 Istamsentgntlip
984 3680 998 3710 a
1008 3678 1046 3709 me
1057 3664 1112 3710 olim
1130 3673 1153 3771 pit
1168 3666 1198 3710 ab
1198 3618 1333 3773 maliistugil
1345 3637 1389 3709 im:

94 3740 126 3772 Rc
158 3758 166 3771 ο
763 3741 843 3788 pugliss
868 3759 875 3781 ,
892 3743 906 3772 8
932 3742 983 3773 alls
993 3742 1072 3773 fursus
1087 3741 1129 3772 COD
1148 3741 1197 3771 l'fflfl
1290 3742 1336 3773 unc
1346 3742 1389 3773 au·

93 3788 322 3915 affluliiliu}
333 3790 483 3914 ...13ξέἒέ
492 3790 733 3901 itlffcttltt
764 3790 1390 3909 iustiti,lt'zttlt‘ttntttltltt't
1416 3820 1420 3827 '

94 3918 239 3969 Riccatrrm,
255 3916 379 3963 Danielem
393 3916 562 3972 Bernoullium,
574 3917 669 3963 Petrum
679 3919 731 3963 An·
763 3931 818 3963 eum
838 3931 904 3977 equae
923 3916 1058 3963 admotum
1077 3915 1217 3963 uniformem
1234 3918 1387 3977 pervenerint,

92 3981 198 4027 tonium
211 3980 385 4037 Michelottum,
399 3982 516 4028 Jacobum
526 3980 543 4027 J
545 3980 648 4036 urinum,
660 3980 730 4027 alins-
762 3995 816 4041 quae
831 3979 925 4041 quidem
936 3980 1069 4041 hypothesis
1079 3989 1113 4026 est
1125 3979 1242 4034 Newtoui
1260 3990 1317 4027 nunc
1327 3980 1390 4029 recti

90 4060 145 4105 que
170 4043 337 4090 eruditissimos
351 4044 417 4091 viros.
454 4043 517 4091 Cum
533 4043 596 4089 enim
612 4044 637 4089 in
654 4044 728 4102 primi
760 4043 885 4090 altitudine
902 4044 987 4099 261,
1000 4043 1034 4088 vis
1044 4043 1085 4091 illa
1095 4043 1226 4100 deliniatur,
1237 4044 1389 4092 sedabiuitio
1462 4052 1472 4059 “

91 4106 280 4166 Principiorum
295 4107 402 4167 editione,
418 4108 555 4162 Newtnnus,
571 4106 677 4153 nondum
688 4109 728 4153 ob·
761 4105 847 4162 fluxus,
859 4106 899 4153 ubi
911 4108 1017 4155 velocitas
1028 4108 1104 4153 adhuc
1115 4107 1181 4153 nulla
1191 4115 1233 4162 est,
1243 4109 1277 4154 vis
1288 4107 1389 4167 simplici

88 4169 196 4218 servati
210 4171 367 4218 connectione
384 4186 457 4226 vena,
477 4170 597 4225 statuisset,
617 4170 665 4217 vim
683 4170 730 4231 quai
761 4170 880 4216 altitudini
904 4171 926 4217 G
946 4171 958 4217 I
981 4170 1124 4229 respondeat,
1152 4184 1253 4232 moxque
1274 4182 1390 4220 crescente

87 4244 167 4282 totus
189 4249 257 4296 aqua
278 4234 393 4281 exilientis
413 4245 491 4281 motus
516 4234 622 4295 generari
648 4242 729 4292 potest,
762 4234 890 4290 velocitate,
903 4234 1390 4295 simulvisaquamadeffluxumanimans
1422 4250 1425 4257 ·

86 4298 220 4362 εφαὶοω
230 4314 279 4345 esse
289 4298 386 4357 ponderi
396 4298 527 4359 cylindricoe
533 4297 650 4344 calumum
656 4312 729 4358 aquae,
762 4307 855 4355 crescat,
867 4307 890 4343 et
900 4297 994 4345 tandem
1006 4297 1036 4343 ad
1047 4312 1098 4344 eam
1109 4298 1298 4360 magnitudinem
1309 4315 1389 4346 exsur-

85 4366 173 4426 qu'us
183 4361 244 4408 basis
254 4372 289 4407 est
299 4362 403 4407 foramen
417 4362 439 4407 E
452 4361 480 4417 F,
492 4371 517 4407 et
526 4360 624 4408 altitudo
637 4361 660 4407 G
674 4362 696 4416 l,
707 4370 730 4406 et
761 4370 878 4423 gatquam
887 4362 912 4407 N
913 4371 1017 4407 ewtonus
1023 4362 1153 4423 assignavit.
1163 4393 1170 4406 .
1180 4393 1186 4407 .
1198 4394 1204 4407 .
1216 4394 1222 4407 .
1240 4362 1390 4411 Recteeriam

84 4427 114 4473 in
136 4423 252 4473 secundi
268 4426 376 4481 editione,
395 4424 473 4471 habiri
487 4424 576 4471 ratione
592 4439 657 4472 venae
674 4438 730 4471 eon·
763 4425 796 4470 ill.
813 4424 930 4481 Riccatus,
950 4440 1005 4471 cum
1020 4440 1067 4486 quo
1083 4425 1141 4471 mihi
1157 4426 1187 4471 de
1197 4426 1241 4473 hoc
1252 4438 1390 4489 argumento

84 4501 190 4545 mem,
209 4489 258 4534 vim
274 4489 338 4535 illam
354 4489 449 4547 duplam
465 4488 563 4543 fecisset,
582 4488 681 4546 priorem
698 4487 732 4533 vis
763 4502 800 4533 res
810 4499 865 4544 erat,
877 4489 1038 4550 interrogatus,
1055 4487 1119 4535 unde
1130 4489 1163 4535 vis
1174 4489 1213 4535 illa
1223 4488 1302 4549 duplae
1318 4507 1389 4552 aqua·

82 4555 161 4601 illius
177 4568 312 4599 mensuram
322 4554 432 4599 adversus
444 4552 560 4599 Comitem
574 4552 697 4597 Riccatum
708 4560 731 4597 et
762 4566 817 4597 rum
827 4552 945 4598 altitudini
956 4552 1095 4599 conveniens
1106 4552 1161 4599 oriri
1177 4553 1254 4613 possit,
1275 4570 1330 4601 curn
1346 4557 1388 4601 ob-

82 4619 218 4667 Jurinum
234 4619 344 4663 tuebatur
354 4631 408 4662 cum
422 4615 561 4662 Michelotto
574 4614 661 4662 Daniel
672 4614 731 4660 Ber·
762 4624 840 4661 turato
850 4616 945 4671 orificio,
962 4626 1030 4678 gutta
1040 4616 1115 4662 eidem
1132 4616 1256 4663 imminens
1267 4619 1289 4663 vi
1300 4617 1389 4677 simpli-

81 4682 213 4737 nonllius,
234 4695 335 4742 quorum
356 4679 535 4726 Dissertationes
555 4676 633 4725 videre
651 4687 687 4724 est
706 4678 731 4723 in
763 4678 936 4726 cisaltitudinis
947 4680 1024 4741 urgeri
1036 4680 1156 4729 manifeste
1167 4691 1281 4741 apparent,
1294 4696 1388 4741 respon·

83 4743 321 4795 Exercitationibus
339 4743 512 4791 Mathunatids
529 4757 583 4805 quae
599 4757 637 4789 au.
659 4746 728 4791 1724.
762 4741 798 4790 dit
815 4742 1009 4807 distinguendum
1027 4759 1076 4791 esse
1093 4754 1179 4791 statum
1196 4744 1280 4807 quietis
1294 4760 1309 4791 a
1324 4754 1387 4793 stetu
