3275 5650
2 482 4 503 .
83 434 196 501 Lmen
208 432 375 513 sicana]
407 432 652 501 PR1N01P1A‘
671 437 1041 505 MATHEMATICA.
1207 446 1210 452 '
1304 452 1367 508 229

2 596 3 649 l
84 608 176 671 citate
192 606 363 693 cylindrus,
378 618 519 693 tempore
534 608 675 687 cadendi,
693 610 901 695 quadruplum
915 611 1120 697 longitudinis
1129 634 1194 675 suae
1204 614 1366 679 describet.

2 706 4 729 ;
85 714 275 819 Resistentia
298 724 401 777 autem
424 713 564 800 cylindri,
587 714 644 777 bric
664 715 824 780 velocitate
845 715 1014 781 secundum
1032 719 1259 804 longitudinem
1281 744 1368 783 suam

2 872 3 901 ἶ
83 820 321 905 progredientis,
338 820 447 883 eadem
462 832 508 884 est
522 844 594 885 cum
608 822 779 886 resistentib
796 824 910 886 circelli
925 830 994 907 (per
1006 824 1136 887 Lemma
1148 827 1220 906 IV.)
1236 828 1368 913 ideoque

84 928 213 1013 aqualis
229 940 277 993 est
291 930 321 990 vi
336 928 397 1013 qud
411 940 513 992 motus
536 930 611 1013 ejus,
636 929 830 993 intereadum
847 930 1056 1015 quadruplum
1077 932 1280 1019 longitudinis
1302 955 1368 996 suae

2 1026 4 1057 ³
83 1034 242 1111 describit,
260 1032 293 1119 (f)
306 1034 451 1119 generari
465 1047 568 1119 potest
584 1036 829 1123 quamproxime.

124 1144 163 1209 Si
178 1140 344 1231 longitudo
358 1144 491 1230 cylindri
510 1156 661 1233 augeatur
681 1146 731 1210 vel
752 1146 919 1223 minuatur,
942 1157 1044 1209 motus
1059 1147 1125 1229 ejus
1139 1158 1174 1210 ut
1190 1160 1221 1210 et
1235 1159 1367 1231 tempus,

81 1272 145 1337 quo
161 1251 371 1336 quadruplum
386 1251 590 1338 longitudinis
605 1276 670 1316 suae
685 1252 842 1330 describit,
860 1258 899 1337 (⁸)
915 1252 1080 1338 augebitur
1094 1253 1144 1315 vel
1157 1254 1315 1317 minuetur
1336 1255 1369 1316 in

82 1358 195 1423 eidem
210 1358 338 1437 ratione,
355 1359 488 1444 ide6quc
503 1360 547 1423 ris
563 1360 625 1436 illa,
642 1358 703 1445 quai
717 1372 820 1423 motus
836 1370 945 1423 auctus
959 1359 1010 1427 vel
1023 1359 1202 1435 diminutus,
1226 1369 1369 1443 tempore

81 1467 201 1550 pariter
222 1476 313 1530 aucto
327 1466 377 1529 sel
390 1464 554 1543 diminuto,
578 1466 721 1553 generari
741 1465 791 1529 vel
810 1465 881 1529 tolli
902 1465 1010 1549 possit,
1034 1486 1099 1527 non
1120 1463 1307 1539 mutabitur3
1332 1486 1369 1527 ac
1465 1448 1467 1453 ’

81 1576 216 1659 proinde
239 1576 407 1639 etiamnum
428 1575 557 1661 aequalis
571 1587 618 1639 est
637 1575 819 1639 resistentia
840 1573 983 1659 cylindri,
1007 1595 1082 1635 nam
1103 1583 1134 1635 et
1153 1572 1223 1635 baec
1244 1558 1368 1657 quoque

82 1682 247 1745 immutata
260 1693 365 1745 manet
377 1703 435 1765 per
450 1682 580 1745 Lemma
596 1683 654 1747 IV.

124 1789 165 1874 (¹)
184 1790 220 1853 Si
235 1790 370 1853 densitas
386 1788 516 1875 cylindri
537 1801 688 1877 augeatur
702 1790 751 1854 vel
764 1790 933 1865 mutuatur,
956 1797 1058 1851 motus
1074 1767 1138 1871 ejus
1152 1798 1188 1849 ut
1202 1799 1233 1851 et
1247 1787 1293 1849 vis
1308 1786 1369 1871 quai

84 1908 186 1960 motus
211 1896 321 1960 eodem
343 1894 483 1980 teinpore
499 1898 642 1983 generari
656 1897 705 1961 vel
719 1896 787 1963 tolli
801 1906 913 1979 potest,
936 1894 969 1955 in
983 1892 1094 1957 eidem
1107 1894 1228 1955 ratione
1243 1893 1371 1977 augebi-

82 2016 132 2069 tur
143 2006 195 2069 vel
210 2006 377 2068 minuetur.
413 2005 601 2069 Resistentia
615 2006 718 2091 itaque
734 2005 866 2090 cylindri
881 1991 1165 2088 cujuscunqueerit
1179 2003 1219 2065 nd
1233 2005 1297 2065 vim
1308 1988 1373 2088 qud*

84 2124 167 2177 totns
182 2114 250 2197 ejus
265 2123 378 2188 motus,
401 2112 594 2176 intereadum
616 2112 826 2197 quadruplum
846 2110 1048 2197 longitudinis
1063 2132 1128 2173 suae
1143 2106 1298 2185 describit,
1322 2108 1371 2171 vel

85 2220 230 2305 generari
243 2220 344 2303 possit
357 2220 407 2285 rel
428 2220 505 2298 tolli,
531 2230 567 2285 ut
588 2220 724 2285 densitas
745 2220 841 2284 medii
855 2219 896 2283 ad
910 2220 1094 2283 densitatem
1108 2217 1242 2303 cylindri
1261 2240 1371 2303 quam·

84 2322 239 2409 proxime.
285 2324 327 2401 Q.
344 2349 372 2389 e.
386 2326 418 2390 d.
1367 2355 1371 2363 ¹

125 2430 279 2495 Fluidum
301 2445 405 2495 autem
426 2432 590 2517 comprimi
610 2434 703 2498 debet
716 2445 752 2499 ut
766 2435 806 2499 sit
819 2434 1012 2511 continuum,
1039 2434 1073 2517 (ἢ
1093 2434 1276 2497 continuum
1296 2430 1374 2494 verb*
1443 2484 1446 2488 .

84 2562 149 2604 esse
163 2538 260 2603 debet
273 2550 306 2603 et
319 2562 383 2603 non
399 2540 568 2621 elasticum,
591 2554 627 2608 ut
647 2544 766 2627 pressio
782 2544 892 2619 omnis,
913 2566 987 2627 quae
1002 2543 1042 2605 ab
1057 2545 1123 2627 ejus
1138 2542 1371 2625 compressione

84 2648 190 2727 oritur,
215 2663 406 2736 propagetur
420 2652 453 2715 in
467 2652 604 2730 instanti,
628 2654 706 2716 etin
721 2676 829 2716 omnes
844 2652 921 2715 moti
935 2652 1074 2735 corporis
1090 2662 1195 2735 partes
1210 2648 1372 2733 aequaliter

85 2758 206 2848 agendo
232 2760 438 2826 resistentiam
459 2784 524 2825 non
545 2775 653 2826 mutet.
699 2762 823 2828 Pressio
847 2763 963 2847 utique,
990 2783 1061 2846 quae
1081 2784 1100 2824 a
1120 2770 1208 2823 motu
1231 2757 1370 2841 corporis

76 2870 190 2946 oritur,
216 2871 408 2954 impenditur
429 2873 463 2934 in
484 2885 604 2936 motum
625 2873 761 2957 partium
781 2871 870 2934 fluidi
892 2869 1106 2957 generandum
1121 2879 1152 2932 et
1165 2868 1371 2931 resistentiam

83 2991 174 3046 creat
224 2979 349 3046 Pressio
369 2994 473 3047 autem
497 3005 567 3068 quae
589 2983 722 3062 oritura
736 2983 965 3067 compressione
985 2981 1084 3056 fluidi,
1109 2991 1268 3064 utcunque
1283 2978 1370 3040 fortis

83 3087 126 3165 sit,
156 3087 184 3150 si
208 3101 400 3176 propagetur
420 3090 454 3154 in
473 3089 607 3168 instanti,
633 3091 755 3154 nullum
777 3102 906 3178 generat
925 3102 1046 3153 motum
1066 3090 1099 3151 in
1121 3088 1260 3172 partibus
1280 3087 1371 3150 fluidi

82 3200 233 3278 continui,
249 3201 368 3264 nullam
383 3202 511 3265 omnino
525 3202 644 3266 inducit
657 3217 761 3266 motus
775 3200 997 3276 mutationem
1012 3199 1146 3284 idedque
1161 3196 1371 3285 resistentiam

110 3371 144 3436 (¹)
170 3374 185 3402 ⁴*
216 3372 330 3420 domari
347 3381 422 3432 potest
442 3371 622 3436 qaomproar'mi.
659 3373 716 3426 Quo
746 3370 812 3425 laesis,
829 3369 991 3418 altinsdiniset
1001 3368 1134 3423 velocitatis,
1151 3366 1297 3415 intercedunt
1312 3383 1371 3429 qus·

82 3437 141 3486 ὼ
166 3442 274 3496 tempore
285 3435 414 3496 ,cylindrus
431 3451 487 3484 cum
498 3435 616 3496 Jpraedieta
631 3435 716 3482 veloci·
747 3434 857 3494 druplum
867 3433 1023 3496 longitudinis
1032 3447 1081 3480 mse
1091 3431 1206 3488 describit,
1218 3431 1323 3494 generari
1334 3431 1372 3478 vel

84 3507 126 3547 tate
143 3497 295 3546 uniformiter
306 3514 348 3560 pro
376 3499 483 3555 ediendo,
495 3499 603 3546 describit
614 3501 716 3558 spatium
746 3498 798 3546 tolli
808 3498 886 3558 possit,
898 3508 921 3545 et
931 3496 1061 3543 vetasse
1070 3494 1373 3557 adrimquritotusprioris

83 3564 121 3610 al
136 3563 169 3614 G.
187 3561 283 3621 proprio
298 3577 345 3622 pon
363 3579 400 3608 ere
411 3563 515 3610 cadendo
526 3563 664 3610 describeret
680 3563 714 3609 el-
746 3561 845 3624 cylindri
860 3571 938 3618 motus
956 3560 1039 3608 eodem
1056 3569 1160 3621 tempore
1178 3559 1284 3622 generari
1300 3558 1372 3618 possit

82 3626 208 3674 titudinem
228 3626 241 3671 1
255 3626 287 3683 G,
307 3634 331 3672 et
346 3625 492 3672 velocitatem
507 3627 571 3674 illam
588 3626 715 3688 acquireret
746 3626 783 3673 vel
799 3625 858 3684 tolli,
875 3634 903 3672 ut
918 3624 1018 3671 densitas
1028 3639 1095 3685 eque
1105 3623 1136 3670 ad
1146 3622 1282 3668 densitatem
1298 3621 1372 3682 cylin-

83 3691 132 3753 (30.
152 3688 211 3736 Lib.
228 3687 272 3746 L).
310 3687 373 3736 Crlm
390 3689 462 3752 igitur
480 3689 607 3738 resistentie
623 3691 718 3753 aequalis
748 3689 792 3745 dri,
809 3703 953 3750 consequens
966 3697 1000 3734 est
1011 3697 1038 3734 ut
1047 3687 1175 3732 mutantia
1184 3684 1283 3745 cylindri
1293 3684 1372 3743 cujus-

81 3755 110 3802 n't
119 3751 224 3814 ponderi
234 3751 343 3812 cylindri,
355 3762 419 3812 patet
430 3753 580 3813 propositum.
749 3767 850 3812 cumque
859 3753 890 3798 sit
900 3751 930 3798 ed
940 3751 987 3797 vim
997 3750 1044 3811 qud
1051 3748 1171 3809 totusejus
1178 3757 1264 3801 motus,
1272 3746 1372 3792 interes·

110 3815 148 3880 (Β)
162 3819 176 3846 *
189 3817 363 3876 Angebitaroel
370 3819 498 3864 minuetur.
536 3817 658 3872 Quantitas
665 3831 715 3864 mo·
748 3814 806 3862 dum
816 3814 974 3875 quadruplum
984 3808 1319 3873 longimdinissusedescribit,
1329 3822 1371 3868 ge-

81 3877 119 3928 tds
127 3881 155 3926 in
167 3877 275 3940 cylindro
287 3879 356 3941 cujus
366 3880 435 3936 basis,
452 3879 553 3927 densitas
568 3888 592 3927 et
608 3879 716 3928 velocitas
746 3877 822 3924 umeri
833 3878 869 3924 vel
880 3877 930 3924 tolli
941 3884 1022 3935 potest,
1039 3883 1067 3920 ut
1082 3872 1182 3920 densitas
1196 3885 1262 3934 aque
1272 3870 1303 3917 ed
1313 3871 1371 3918 den·

79 3943 139 3992 data
150 3951 216 3998 sunt,
234 3952 334 4005 augetur
350 3943 387 3990 vel
403 3943 519 3990 minuitur
529 3944 554 3990 in
565 3944 653 3990 ratione
663 3943 716 3990 lon·
747 3939 837 3988 sinte·
848 3939 945 4001 cylindri
955 3935 1137 4000 quamproximd.

79 4006 198 4068 gimdinis
215 4006 315 4066 cylindri
326 4022 367 4053 seu
380 4007 513 4064 voluminis,
531 4015 555 4054 et
565 4016 657 4066 tempus
667 4021 715 4068 quo
779 4002 810 4067 (¹)
820 4008 835 4033 ⁶
850 4006 991 4052 Condacum
1005 4001 1056 4050 υπὸ
1071 4017 1117 4048 esse
1132 4002 1194 4047 debet
1204 4008 1226 4045 et
1235 4016 1284 4048 non
1296 4001 1372 4046 dasti-

81 4070 204 4132 cylindrus
215 4067 272 4116 data
281 4069 323 4116 itta
334 4070 455 4116 velocitate
465 4071 611 4116 uniformiter
620 4085 714 4132 progre-
746 4085 807 4117 erem
845 4067 909 4114 Nem
925 4067 945 4111 si
963 4065 1063 4112 fluidum
1081 4074 1140 4110 esset
1155 4062 1282 4118 eleaticnm,
1299 4061 1372 4121 ipsius

79 4133 168 4182 diendo
184 4132 347 4195 quadruplum
363 4133 519 4194 longitudinis
535 4149 583 4180 euae
599 4131 713 4192 describit,
745 4141 821 4192 partes
842 4146 883 4191 per
904 4129 1097 4188 compressionem
1118 4125 1319 4179 condensarennrr,
1347 4133 1372 4172 et

79 4207 182 4260 urgetur
206 4196 244 4242 vel
268 4195 385 4244 minuitur
406 4197 431 4243 in
455 4197 535 4246 eidem
560 4195 714 4257 longitudinis
745 4193 830 4241 deinde
845 4193 983 4246 rareiierent,
1000 4202 1070 4252 etque
1080 4188 1208 4249 repressio
1222 4203 1264 4248 per
1278 4198 1371 4236 motum

81 4271 155 4308 sueta
166 4260 204 4307 vel
216 4259 340 4306 diminutae
351 4260 440 4308 ratione
453 4264 487 4324 (5.
499 4259 552 4325 Lib.
568 4259 604 4322 1.)
616 4259 715 4321 idedque
746 4257 921 4320 progresdvum,
935 4256 976 4317 qui
986 4255 1145 4302 instantaneus
1160 4267 1209 4298 esse
1224 4266 1273 4298 non
1287 4260 1370 4312 potest,

81 4327 151 4388 (tte)
164 4325 199 4370 vis
210 4327 251 4371 illa
263 4321 310 4386 qud
319 4333 396 4372 motus
406 4334 495 4378 anctus,
513 4326 555 4371 &c
746 4329 917 4383 propagaretur.
940 4319 988 4364 »At
1003 4317 1023 4363 ei
1039 4317 1138 4364 fluidum
1153 4315 1291 4362 continuum
1302 4316 1333 4362 sit
1347 4324 1371 4362 et

109 4389 149 4452 (¹¹)
164 4391 178 4418 ⁸
191 4391 218 4436 a·
228 4391 328 4435 densim
340 4391 441 4450 cylindri
457 4388 545 4434 ceteris
561 4385 714 4442 manentibus,
747 4385 837 4432 densari
849 4381 1017 4442 compressione
1031 4388 1138 4441 nequest,
1156 4379 1242 4438 pressio
1258 4394 1371 4440 propaga-

79 4453 243 4512 augeoturvel
258 4453 390 4508 minuatur,
409 4451 578 4512 motusejusut
592 4448 715 4512 etvisquti
746 4450 810 4496 bitur
830 4448 855 4493 in
877 4445 977 4492 instanti.
1014 4442 1186 4502 Experimentis
1207 4440 1262 4490 vero
1281 4449 1371 4490 'constet

80 4520 242 4564 meccedem
260 4523 358 4576 tempore
373 4517 482 4576 generari
492 4519 526 4562 vel
537 4517 584 4562 tolli
590 4523 672 4576 potest,
690 4515 716 4560 in
747 4526 832 4572 aquam
849 4511 875 4556 in
893 4517 953 4556 statu
972 4507 1071 4554 naturali
1086 4507 1234 4553 constitutam
1249 4507 1288 4552 vix
1303 4520 1370 4565 posse

79 4578 158 4628 edm
180 4581 271 4626 ratimse
291 4581 412 4639 urgebitur
432 4581 467 4626 cel
488 4579 610 4626 minuetur
633 4575 713 4639 (279).
733 4573 889 4634 ¹condensari,
905 4587 946 4618 seu
957 4571 982 4616 in
993 4571 1092 4650 spatium
1108 4571 1187 4616 minus
1202 4569 1370 4642 compressione

82 4641 143 4689 cum
170 4643 246 4705 igitur
271 4641 370 4702 cylindri
397 4641 558 4704 cujuscunque
586 4639 714 4688 resistentie
745 4633 1370 4700 redigi3cdmeooutm'c'r1nsnimsecondcussuoms

80 4706 174 4769 aquatis
184 4707 215 4754 sit
226 4705 251 4754 ri
261 4704 310 4768 qui
320 4715 398 4754 motus
408 4702 508 4766 cylindri
525 4719 592 4768 equa
608 4702 713 4767 ejusdem
746 4711 769 4750 et
779 4698 935 4750 rarelaetionis
945 4699 975 4746 sit
985 4713 1064 4758 ceper.

708 4779 756 4832 Pa
