3275 5650
114 380 408 492 Larasasrcuuu]
447 380 687 450 PRINCIPIA
709 384 1079 455 MATHEMATICA.
1336 399 1398 457 265

281 607 565 724 PR013081T10
588 656 719 725 XLIII.
764 660 1036 752 THEOREMA
1057 662 1226 729 XXXIV.

113 858 227 936 Corpus
249 875 333 917 ornae
354 853 507 915 tremulum
529 855 562 915 ia
584 854 680 917 medio
701 835 836 917 elcatico¹
841 855 1030 939 propagabit
1050 866 1159 919 motum
1178 858 1394 938 pulsuum-un·

149 966 243 1045 dique
265 965 298 1025 ia
319 963 482 1033 directum
510 962 544 1025 in
565 962 660 1025 taedio
683 958 751 1025 uerd
772 983 833 1025 nou
853 964 974 1027 etastico
994 972 1102 1027 neotum
1121 960 1294 1029 circularem
1315 971 1394 1031 erci-

153 1074 242 1137 tabit.

156 1246 224 1309 Cas.
242 1251 270 1308 1.
294 1242 377 1307 Nam
391 1254 496 1328 partes
511 1230 650 1329 corporis
665 1244 918 1309 tremulivicibus
928 1244 1054 1309 alternis
1064 1246 1168 1309 eundo
1179 1256 1211 1310 et
1219 1246 1391 1325 redeundo,

108 1350 156 1415 itu
179 1374 236 1415 suo
255 1351 414 1438 urgebunt
433 1362 465 1415 et
481 1350 657 1436 propellent
678 1362 782 1435 partes
803 1351 899 1415 medii
921 1351 980 1415 sibi
1000 1352 1169 1435 proximas,
1196 1363 1227 1416 et
1249 1352 1393 1440 urgendo
1474 1406 1477 1413 .

108 1458 319 1541 compriment
333 1457 457 1523 easdem
472 1470 504 1522 et
517 1458 753 1523 condensabunt
761 1482 770 1535 3
793 1457 866 1522 dein
881 1457 983 1526 reditu
999 1480 1056 1522 suo
1071 1444 1173 1523 sinent
1186 1473 1291 1543 partes
1306 1482 1392 1525 com·

106 1586 231 1648 pressas
246 1563 391 1628 recedere
406 1576 438 1627 et
452 1585 520 1628 sese
535 1564 722 1648 expandere.
767 1563 869 1651 Igitur
881 1559 986 1648 partes
1000 1564 1096 1628 medii
1110 1566 1238 1648 corpori
1258 1566 1394 1630 tremulo

108 1670 263 1753 proximae
278 1669 368 1732 ibunt
382 1681 413 1732 et
427 1668 572 1734 redibunt
586 1691 644 1753 per
658 1670 750 1745 vices,
767 1668 807 1733 ad
822 1668 919 1732 instar
929 1670 1066 1752 partium
1075 1670 1214 1754 corporis
1228 1670 1310 1759 illius
1324 1683 1389 1735 tre·

107 1777 205 1839 muli:
229 1788 260 1840 et
275 1760 470 1861 qusi'ratione
484 1788 587 1860 partes
604 1776 742 1860 corporis
764 1776 858 1861 hujus
880 1778 1039 1863 agitabant
1060 1777 1153 1842 hasce
1166 1778 1262 1843 medii
1276 1790 1391 1863 partes,

108 1882 161 1944 bae
188 1880 338 1944 similibus
360 1879 547 1945 tremoribus
569 1882 693 1969 agitatae
716 1880 879 1968 agitabunt
899 1892 1003 1966 partes
1018 1882 1077 1946 sibi
1095 1884 1265 1967 proximas,
1289 1906 1396 1971 eaeque

109 1988 252 2051 similiter
273 1987 396 2073 agitatae
418 1987 580 2075 agitabunt
601 1986 773 2064 ulteriores,
799 1999 830 2051 et
851 1989 896 2050 sic
916 1987 1063 2072 deinceps
1084 1989 1119 2051 in
1139 1988 1306 2053 infinitum.
1353 1990 1396 2054 Et

109 2094 374 2182 quemadmodum
395 2094 491 2157 medii
505 2104 608 2179 partes
623 2094 733 2179 primae
749 2094 853 2158 eundo
874 2094 1104 2158 condensantur
1118 2106 1150 2158 et
1163 2095 1326 2159 redeundo
1346 2118 1395 2159 re·

108 2201 266 2279 laxantur,
290 2201 334 2264 sic
354 2211 459 2285 partes
473 2200 602 2286 reliquae
617 2200 737 2285 quoties
752 2213 828 2264 eunt
842 2200 1125 2279 condensabuntur,
1149 2212 1181 2265 et
1203 2201 1322 2287 quoties
1345 2224 1395 2265 re·

109 2308 208 2374 deunt
231 2333 297 2373 sese
318 2308 508 2393 expandent.
551 2308 594 2373 Et
608 2320 775 2393 propterea
787 2328 853 2370 non
868 2330 976 2372 omnes
989 2309 1080 2371 ibunt
1095 2319 1126 2371 et
1140 2306 1232 2376 simul
1247 2308 1395 2372 redibunt

109 2416 166 2500 (sic
190 2416 275 2480 enim
297 2416 516 2480 determinatas
531 2416 570 2478 ab
586 2415 717 2478 invicem
732 2413 892 2477 distantias
906 2414 1068 2490 servando,
1091 2436 1156 2476 non
1171 2397 1353 2479 rarefierent
1367 2429 1398 2479 et

109 2525 376 2585 condensarentur
390 2542 447 2605 per
461 2521 556 2600 vices)
573 2522 628 2584 sed
643 2519 822 2583 accedendo
836 2520 876 2583 ab
891 2520 1023 2582 invicem
1038 2518 1092 2581 ubi
1107 2519 1349 2616 condensantur,
1366 2534 1398 2585 et

2 2636 3 2647 ¹
109 2630 287 2695 recedendo
301 2630 356 2694 ubi
370 2629 530 2708 rarefiunt,
555 2628 587 2713 (s)
604 2629 716 2715 aliquae
730 2650 839 2692 earum
852 2629 942 2693 ibunt
956 2626 1033 2689 dum
1047 2626 1116 2690 aliae
1130 2627 1281 2704 redeunt-3
1305 2630 1398 2713 idque

2 2714 3 2753 ᾖ
109 2741 228 2803 vicibus
244 2738 369 2804 alternis
383 2740 417 2801 in
431 2738 596 2803 infinitum.
643 2738 751 2802 Partes
773 2750 876 2801 autem
899 2750 1007 2800 euntes
1022 2749 1053 2801 et
1068 2736 1172 2801 eundo
1187 2736 1395 2815 condensatae,
1477 2741 1481 2748 ’

110 2853 150 2915 ob
172 2863 296 2914 motum
322 2872 412 2914 suum
435 2849 677 2935 progressuum,
706 2869 769 2934 quo
790 2847 906 2912 feriunt
926 2847 1095 2924 obstacula,
1120 2859 1192 2926 sunt
1212 2847 1340 2931 pulsus3
1366 2863 1398 2912 et

109 2974 277 3045 propterea
297 2958 405 3044 pulsus
421 2957 582 3022 successivi
597 2979 616 3020 a
631 2979 762 3042 corpore
777 2957 864 3019 omni
877 2954 1011 3019 tremulo
1025 2956 1058 3019 in
1073 2955 1225 3020 directum
1239 2978 1396 3043 propaga·

107 3068 244 3145 buntur3
278 3067 373 3159 idque
394 3066 564 3153 aequalibus
587 3066 708 3129 circiter
729 3066 768 3130 ab
790 3065 922 3128 invicem
945 3063 1108 3142 distantiis,
1136 3067 1175 3150 (ὅ)
1200 3066 1242 3129 ob
1265 3067 1396 3152 aequalia

109 3177 259 3262 temporis
271 3174 441 3252 intervalla,
459 3175 571 3260 quibus
586 3196 699 3257 corpus
714 3173 902 3236 tremoribus
918 3171 980 3234 suis
995 3171 1124 3258 singulis
1134 3171 1272 3258 singulos
1286 3173 1396 3256 pulsus

110 3288 234 3351 excitat
282 3286 324 3349 Et
338 3283 514 3370 quanquam
529 3284 667 3366 corporis
682 3282 806 3346 tremuli
819 3294 924 3365 partes
946 3294 1018 3345 eant
1032 3283 1207 3355 etredeant
1225 3284 1396 3348 secundum

109 3394 236 3480 plagam
258 3391 396 3478 aliquam
411 3403 527 3455 certam
543 3401 573 3454 et
588 3390 834 3466 determinatam,
859 3402 962 3453 tamen
976 3388 1084 3474 pulsus
1099 3391 1173 3456 inde
1186 3415 1244 3476 per
1258 3393 1395 3456 medium

307 3577 537 3629 Pnorosmo.
763 3583 827 3642 poris
843 3589 999 3642 pmpnooertar:
1020 3582 1084 3644 quod
1097 3579 1194 3645 «pridem
1208 3583 1295 3632 leviora
1310 3586 1395 3632 chartas

768 3643 868 3691 frustula
878 3645 1007 3705 superficiei
1023 3649 1123 3706 corporis
1138 3649 1265 3694 resonantis
1278 3648 1393 3708 imposita,

142 3715 199 3758 809·
217 3703 317 3772 Cordum
324 3724 404 3756 sonora
412 3711 548 3768 Iomogenea
557 3716 578 3754 et
588 3709 670 3755 simdr'u
680 3724 737 3769 quo-
770 3716 871 3754 tremore
882 3723 925 3754 suo
935 3709 1045 3756 iudicant.

109 3791 165 3822 rum
182 3777 255 3820 lutera
271 3775 387 3832 tomologc
402 3775 513 3819 rationem
529 3772 610 3818 Iubmt
625 3774 739 3819 inversam

110 3854 261 3886 numeremur
267 3842 311 3893 ⁴24,
324 3841 362 3890 27,
375 3841 414 3891 80,
423 3841 462 3890 ³9,
472 3840 511 3891 36,
523 3840 562 3890 40,
574 3837 613 3890 45,
626 3839 664 3890 ta,
676 3844 740 3882 tonos

110 3905 190 3958 munt,
213 3903 267 3954 UT,
287 3901 343 3957 RE,
362 3901 413 3956 ΜῙ,
431 3900 486 3955 ΕΑ,
498 3899 566 3953 SOL,
579 3898 632 3960 LA,
646 3899 683 3952 st,
700 3907 734 3945 nt.
960 3895 1194 3947 Pnoroslrw.

2 4011 3 4026 ,
111 3961 738 4024 HaucPropositionemprobantexperimentaquaein

110 4029 237 4088 campanis,
249 4027 359 4089 cylindris
369 4037 392 4074 et
403 4027 548 4085 prismattbus
556 4024 736 4086 homogeneiset
799 4027 853 4071 811.
876 4025 1000 4086 campana
1008 4027 1093 4092 figura
1109 4027 1156 4076 ictu
1174 4030 1243 4075 cluvoe
1256 4028 1290 4076 itai
1306 4032 1394 4076 matari

110 4092 226 4139 similibus
244 4093 376 4139 habueruut
396 4091 538 4136 Mersenuus
555 4089 581 4136 in
604 4087 737 4136 Hannonii
770 4091 839 4136 mulis
855 4092 957 4137 cernitur
967 4100 994 4137 ut
1005 4106 1061 4138 eum
1076 4095 1176 4140 rotundo
1189 4101 1253 4148 esset,
1261 4095 1313 4157 fiat
1328 4103 1394 4142 wara

112 4155 245 4202 Universali
255 4166 279 4204 et
291 4157 323 4204 D.
339 4152 411 4203 Carra
422 4154 447 4199 iu
460 4154 569 4200 Monum.
583 4151 657 4199 Aean
674 4153 735 4216 Reg.
770 4162 791 4200 et
802 4152 906 4214 qrmndid
916 4157 1099 4212 nuenarianae,
1110 4158 1204 4204 alternis
1215 4165 1318 4204 mutatur
1328 4159 1393 4205 oscil-

111 4235 152 4268 an.
170 4223 238 4269 1709.
769 4218 900 4264 latioribus·

799 4285 852 4327 312.
866 4282 938 4328 Corui.
958 4281 998 4327 Ex
1009 4281 1082 4329 tn'bus
1092 4283 1181 4329 ultimis
1194 4283 1394 4343 Propositionibus

767 4343 905 4391 concludere
916 4342 976 4398 licet,
988 4355 1017 4391 ut
1026 4345 1052 4390 in
1063 4345 1153 4392 chordis
1163 4347 1196 4394 im
1206 4357 1230 4394 et
1240 4349 1264 4393 in
1279 4349 1331 4398 aliis
1342 4365 1393 4397 cor-

308 4407 538 4460 Pnorosrrto.
769 4408 862 4466 porilms
880 4410 1048 4461 mmmntrlms,
1066 4418 1134 4456 tonos
1149 4410 1250 4470 pendere
1265 4429 1280 4459 a
1295 4427 1394 4460 nurnero

198 4523 200 4528 ,
769 4471 924 4519 vibretiouum
939 4486 982 4518 seu
997 4471 1178 4520 undulatiouum
1194 4491 1248 4537 qnae
1264 4477 1319 4524 dato
1335 4486 1393 4524 tem·

141 4544 198 4588 510.
218 4542 288 4588 Dum
299 4537 639 4602 comaceonmmpercutitur,
648 4544 735 4582 tremu-
768 4551 824 4595 pore
834 4544 982 4597 peragunmr.

111 4607 147 4652 lus
166 4606 337 4664 particularum
358 4612 433 4651 arctus
454 4619 480 4651 eu
500 4605 548 4650 ictu
568 4609 591 4648 et
607 4603 629 4647 ui
647 4593 738 4646 etcstirti
802 4598 833 4662 (f)
845 4601 1029 4660 Auquaeeamm
1040 4603 1195 4664 ibunt,(‘.>94).

111 4678 209 4725 creatus,
230 4665 320 4716 remotis
336 4670 461 4726 abnuentia,
478 4683 521 4728 per
535 4665 739 4729 npqficiouw·
800 4663 837 4726 (Ε)
850 4666 863 4693 ”
879 4665 910 4711 Ob
919 4666 1019 4727 aqualia
1027 4669 1133 4728 tempatis
1149 4670 1266 4717 imeruulla
1276 4665 1356 4732 (300).
