3275 5650
266 406 333 491 aao'
590 424 930 493 ruinosorrurn
954 425 1228 495 narunams
1277 429 1550 510 [moscossos

264 622 323 665 nec
338 610 430 686 auget
444 618 503 663 nec
517 590 640 663 minuit,
685 596 874 662 Certd'actio
887 598 986 675 fluidi,
1005 596 1080 685 'quae
1095 599 1136 664 ab
1150 603 1215 687 ejus
1238 602 1467 685 compressione
1487 602 1569 667 ori-'

264 722 326 787 tur,
343 704 460 773 ‘fortior
481 732 548 773 csse
563 729 627 771 non
641 718 744 791 potest
758 708 790 769 in
805 720 909 791 partes
931 707 1066 792 posticas
1087 709 1226 792 corporis
1241 709 1318 772 moti
1330 709 1422 794 quim
1435 711 1470 773 in
1484 712 1553 796 ejus

262 830 367 903 partes
390 816 517 892 anticas,
544 814 678 900 ideoque
700 806 906 877 resistentiam
920 816 953 877 in
968 815 1028 878 hac
1045 814 1263 899 Propositioue
1285 816 1470 901 descriptam
1491 820 1554 885 uri-
1593 791 1598 810 ἱ

263 942 360 986 nuere
374 943 438 983 non
452 931 573 1004 potest:
597 932 628 983 et
643 918 753 983 fortior
768 940 833 983 non
848 921 906 983 erit
920 921 954 982 in
967 932 1073 1004 partes
1094 922 1210 984 anticas
1232 920 1327 1007 quim
1349 922 1384 984 in
1404 924 1563 1006 posticas,¹

263 1030 290 1093 si
305 1026 399 1091 modo
413 1027 597 1113 propagatio
613 1028 679 1112 ejus
701 1025 822 1091 infiniti
836 1026 974 1089 velocior
988 1027 1028 1090 sit
1042 1025 1135 1113 quim
1156 1040 1258 1091 motus
1280 1030 1422 1111 corporis
1433 1032 1553 1113 pressi.

264 1134 392 1203 Infinite
407 1146 509 1199 autem
525 1133 661 1199 velocior
676 1132 734 1197 crit
749 1145 780 1197 ct
789 1133 1014 1219 propagabitur
1027 1134 1061 1197 iu
1074 1135 1209 1213 instanti,
1226 1134 1356 1199 simodo
1370 1135 1503 1201 fluidum
1512 1138 1553 1203 sit

252 1240 446 1307 'continuum
461 1252 492 1304 ct
506 1262 570 1303 non
586 1239 756 1304 clasticum.
779 1300 780 1303 ,

307 1347 344 1433 (¹)
364 1350 462 1413 Corui.
483 1354 510 1409 1.
544 1346 777 1432 cylindrorum,
804 1345 859 1430 qui
880 1345 1052 1411 secundum
1073 1345 1285 1432 longitudines
1307 1369 1378 1416 suas
1392 1348 1426 1411 in
1439 1348 1550 1415 mediis

160 1452 167 1469 '
262 1456 417 1526 condnuis
443 1454 572 1518 infinitis
594 1453 789 1517 uniformiter
809 1452 1063 1541 progrediuntur,
1089 1454 1271 1517 resistentiae
1292 1467 1366 1518 sunt
1382 1456 1558 1535 iuratione·

260 1587 332 1651 quoe
347 1562 543 1647 componitur
557 1582 598 1625 cx
609 1558 765 1644 duplicati
780 1561 901 1624 ratione
915 1559 1115 1624 velocitatum
1129 1571 1160 1624 et
1174 1559 1331 1643 duplicat
1346 1562 1467 1626 ratione
1480 1562 1548 1627 dia·

260 1684 432 1735 metrorum
446 1682 477 1733 et
491 1668 610 1733 ratione
626 1668 786 1733 densitatis
800 1667 985 1733 mediorum.
1258 1704 1262 1709 ·

304 1779 337 1863 (¹)
356 1780 455 1843 Corol.
472 1786 502 1839 2.
527 1777 561 1841 Si
576 1774 749 1859 amplitudo
764 1774 881 1839 canalis
894 1796 960 1839 uon
975 1785 1126 1863 augeatur
1140 1775 1172 1839 in
1186 1776 1354 1854 infinitum,
1377 1777 1433 1841 sed
1446 1778 1547 1864 cylin-

261 1884 337 1949 drus
352 1883 385 1947 in
399 1882 503 1949 medio
526 1882 703 1969 quiescente
724 1881 845 1945 incluso
864 1882 1038 1950 sectrndum
1061 1880 1288 1968 longitudinem
1310 1904 1396 1946 suam
1416 1905 1546 1970 progre-

293 2058 328 2135 (ι)
343 2060 415 2109 emt.
432 2063 452 2107 1.
480 2058 518 2107 Sic
532 2058 710 2107 demonstratur.
747 2056 889 2106 Resistentia
919 2067 971 2103 eam
986 2053 1062 2115 ipsam
1078 2053 1274 2111 vdoeiunmses
1288 2052 1381 2115 pondus
1395 2053 1494 2115 cylindri
1509 2064 1546 2101 est

260 2122 359 2185 cylindri
369 2123 482 2185 cujusque
492 2130 528 2169 est
538 2120 624 2169 directi
635 2132 663 2168 ut
673 2120 774 2168 densitas
784 2120 889 2167 mediiet
919 2120 970 2180 ipsa
980 2120 1080 2181 gravitas
1094 2132 1136 2178 per
1150 2132 1250 2165 mamam
1266 2118 1365 2179 cylindri
1381 2118 1543 2178 multiplicata,

259 2186 294 2233 ris
304 2186 426 2233 uniformis
437 2184 484 2247 quis
494 2194 558 2233 totus
568 2184 666 2246 cylindri
676 2193 762 2240 motus,
773 2198 820 2245 quo
827 2192 889 2231 tern-
919 2197 976 2245 ergo
985 2182 1078 2243 pondus
1088 2181 1194 2243 cylindri,
1211 2191 1246 2229 est
1256 2180 1291 2227 ris
1300 2196 1353 2243 qua
1362 2180 1422 2227 dum
1431 2182 1546 2241 percurri.

175 2257 190 2267 “
258 2264 315 2311 pore
326 2248 482 2310 quadruplum
494 2248 648 2310 longitudinis
664 2262 712 2294 sua
726 2246 834 2295 describit
849 2246 887 2294 rel
918 2245 1124 2307 turquadruplum
1142 2243 1296 2307 longitudinis
1310 2244 1410 2305 cylindri
1425 2245 1547 2293 velocitacs

259 2313 364 2374 generari
381 2312 417 2358 vel
433 2312 484 2359 tolli
502 2312 580 2371 possit,
601 2320 624 2359 et
639 2309 728 2358 inverse
743 2320 771 2358 ut
786 2310 887 2358 densitas
918 2310 985 2369 lapsu
996 2325 1037 2369 per
1049 2310 1063 2356 1
1077 2309 1101 2356 G
1111 2308 1229 2371 arsquisitri,
1246 2323 1357 2371 generare
1367 2317 1443 2369 potest
1452 2316 1545 2356 mamm

259 2375 358 2439 cylindri
371 2378 412 2438 (ax
423 2374 514 2432 deutl5
532 2374 573 2423 sed
583 2375 617 2421 vis
628 2374 668 2421 illa
678 2374 800 2421 uniformis
811 2383 846 2421 est
861 2375 886 2419 in
919 2374 970 2437 ejus
980 2373 1078 2434 cylindri
1088 2371 1116 2419 ei
1126 2372 1245 2419 velocitate
1254 2372 1321 2419 moti.
1410 2388 1413 2392 ²

259 2439 350 2486 ratione
366 2437 493 2499 compositi
504 2454 532 2485 ex
544 2438 670 2485 rationibus
680 2437 772 2485 directis
782 2438 887 2499 longitu·
952 2435 1015 2485 Cirm
1025 2435 1080 2484 reri
1090 2436 1194 2483 celeritas
1209 2451 1262 2497 qun
1272 2436 1340 2495 Ιιιρω
1349 2450 1391 2497 per
1402 2436 1418 2484 1
1430 2436 1455 2485 G
1464 2436 1545 2499 scqui-

259 2502 321 2550 diuis
339 2502 446 2563 cylindri,
468 2501 574 2563 quadrati
591 2501 704 2557 diametri,
727 2502 846 2549 densitatis
862 2510 887 2549 et
917 2501 977 2547 ritur
986 2500 1017 2547 sit
1026 2500 1056 2547 ad
1066 2515 1119 2547 eam
1129 2514 1183 2547 cum
1194 2497 1242 2561 qut
1256 2498 1376 2561 cylindrus
1391 2510 1500 2547 moremr
1515 2509 1547 2548 ut

275 2565 365 2614 usdrati
382 2566 509 2613 velocitatis
525 2576 549 2613 et
564 2580 592 2612 er
608 2565 697 2613 ratione
712 2564 802 2612 inversi
816 2565 884 2625 spatii
918 2566 941 2612 E
955 2564 998 2611 1Μ
1009 2563 1038 2611 od
1051 2564 1074 2611 Ε
1087 2564 1108 2611 F
1119 2567 1131 2593 ²
1142 2590 1175 2601 —
1187 2564 1207 2609 P
1220 2564 1276 2619 Q2.
1313 2562 1481 2624 Quadruplum
1490 2563 1546 2611 lon-

257 2580 373 2689 deson'pti,
398 2646 439 2677 seu
462 2644 490 2677 ex
511 2629 600 2677 ratione
620 2628 709 2677 inversi
730 2629 883 2693 longitudinis
916 2627 1030 2691 gitudinis
1041 2626 1140 2689 cylindri
1149 2626 1242 2688 proprii
1252 2623 1296 2675 sui
1303 2627 1545 2675 celeritatesliotem-

258 2693 356 2755 cylindri
369 2694 457 2757 (aso).
494 2692 573 2749 Quare
585 2695 636 2757 (per
647 2693 837 2752 compositionem
847 2708 884 2739 ra·
916 2706 972 2753 pore
982 2703 1098 2752 percurret
1108 2690 1179 2753 quim
1189 2690 1209 2737 si
1218 2700 1340 2738 moveamr
1348 2690 1462 2737 celeritate
1471 2691 1545 2751 lapsu

257 2757 350 2805 tionum
366 2767 390 2805 et
405 2773 434 2805 ax
445 2758 531 2819 aquo),
551 2757 678 2805 resistentia
692 2757 790 2817 cylindri
806 2756 884 2818 cujus-
915 2756 983 2817 peri
1000 2757 1024 2805 G
1034 2754 1152 2818 acquisiti.
1190 2755 1296 2803 Gravitas
1310 2769 1365 2817 ergo
1374 2753 1479 2816 cylindri,
1496 2755 1547 2803 erit

258 2837 367 2884 comque,
386 2823 405 2870 si
424 2823 557 2870 conferatur
573 2837 628 2868 cum
646 2820 773 2868 resistentiai
791 2821 885 2868 alterius
916 2819 947 2868 ad
963 2835 1015 2867 earn
1036 2820 1084 2867 rim
1100 2818 1148 2882 qui
1165 2818 1265 2880 cylindri
1283 2817 1392 2866 velocitas
1405 2817 1546 2883 nequitiam

258 2885 366 2947 cylindri,
388 2896 423 2934 est
438 2887 463 2932 in
480 2886 568 2934 ratione
578 2901 631 2948 quas
642 2887 788 2944 componitur
802 2899 831 2932 ex
847 2901 883 2932 ra-
916 2895 1021 2944 tempore
1030 2898 1078 2945 quo
1087 2883 1245 2946 quadruplum
1253 2881 1407 2946 lougimdiuis
1421 2898 1470 2930 suae
1486 2898 1546 2943 pro-

257 2949 322 2998 tioue
333 2950 452 3000 densitatis
468 2949 545 3006 medii,
566 2961 589 2996 et
604 2951 693 2996 ratione
708 2947 825 3009 duplicatis
834 2948 883 2996 dia-
915 2946 968 3008 prii
978 2947 1020 2995 sui
1033 2949 1150 3011 celeritate
1166 2946 1309 3003 describitur,
1325 2944 1411 3005 directi
1420 2954 1449 2992 ut
1457 2946 1546 2994 celssi.

257 3013 325 3060 metri
336 3024 360 3060 et
371 3014 487 3074 duplicati
498 3015 585 3060 ratione
596 3012 728 3059 velocitatis.
914 3021 974 3059 tates
988 3027 1042 3073 quse
1057 3011 1086 3058 iis
1100 3010 1187 3058 viribus
1201 3010 1354 3072 acquiruntur
1368 3019 1393 3057 et
1407 3009 1497 3058 inverso
1513 3019 1546 3060 ut

195 3099 199 3104 ·
285 3077 320 3138 (Ι)
334 3081 346 3107 “
361 3081 433 3126 Curat.
448 3083 469 3124 2.
490 3077 527 3124 Sic
538 3078 714 3122 demonstratur.
738 3076 786 3124 *Si
797 3075 883 3124 mualis
914 3075 962 3123 teu'r
992 3090 1018 3122 ra
1027 3075 1112 3136 quibus
1122 3074 1280 3137 acquiruntur,
1291 3088 1345 3135 quas
1355 3077 1542 3137 temperamur

257 3155 305 3188 non
316 3141 346 3186 ait
356 3141 462 3187 infinitus
472 3152 576 3199 respectu
587 3141 668 3186 baseos
679 3138 777 3202 cylindri
787 3139 880 3196 inclusi,
914 3154 944 3201 eg
1006 3139 1036 3186 de
1046 3138 1196 3186 describendo
1205 3137 1353 3185 uniformiter
1367 3137 1450 3185 eodem
1464 3139 1545 3198 spatio

257 3214 405 3314 ‘rrrrr
419 3205 581 3315 arrisit
597 3202 691 3325 litt
813 3203 882 3330 tt
913 3201 1545 3328 ttttrnmtttrttrsttrnmn

257 3329 395 3376 ascendente
405 3331 496 3378 circello
506 3331 532 3378 in
542 3330 615 3377 canali
626 3331 712 3388 clauso,
728 3331 835 3378 velocitas
843 3346 881 3378 re-
911 3330 944 3384 ,ad
953 3331 1001 3376 vim
1011 3330 1059 3393 qui
1068 3331 1120 3392 ejus
1129 3329 1229 3392 cylindri
1243 3338 1323 3377 motus
1337 3329 1462 3392 acquiritur
1476 3338 1544 3376 tern-

257 3392 327 3440 latira
345 3409 411 3454 aquae
427 3410 518 3454 semper
532 3395 562 3441 sit
580 3393 610 3441 ad
628 3395 678 3456 ejus
693 3395 837 3442 velocitatem
852 3404 881 3442 ιιι
912 3409 970 3456 porc
980 3410 1028 3457 quo
1041 3393 1198 3456 quadruplum
1213 3393 1367 3455 longitudinis
1381 3408 1431 3440 suas
1445 3392 1547 3453 propria

256 3456 317 3503 basis
326 3457 412 3504 canalis
425 3457 447 3504 E
461 3457 521 3504 Fad
532 3457 647 3504 annulum
660 3459 682 3504 Ε
696 3459 772 3504 Psive
788 3457 817 3504 sd
834 3457 879 3505 dis·
912 3458 956 3505 suri
966 3457 1082 3505 celeritate
1097 3456 1234 3504 describitur
1248 3457 1284 3504 bis
1299 3455 1386 3504 directi
1396 3465 1423 3504 ιιι
1433 3456 1547 3505 samiam

253 3520 377 3580 {mantiam
388 3521 529 3568 circulorum
540 3521 563 3568 Ε
578 3521 598 3568 F
609 3531 632 3568 et
644 3521 665 3567 P
679 3522 760 3577 Qsire
770 3522 828 3568 utE
840 3522 879 3568 Ε2
911 3522 979 3582 lapsu
990 3536 1030 3581 per
1042 3522 1055 3568 I
1070 3521 1093 3568 G
1104 3519 1223 3582 acquisita,
1235 3519 1266 3566 sd
1276 3519 1417 3568 celeritatem
1428 3519 1545 3581 cylindri,

256 3584 287 3631 ad
305 3584 428 3632 E-F2-
441 3585 461 3631 P
480 3585 542 3640 Qu
559 3593 677 3648 quaeratur
694 3585 765 3646 igitur
780 3584 880 3632 altitudo
911 3584 1139 3640 sivebisutEF2,
1151 3583 1216 3630 adn
1230 3583 1417 3639 F2-PQ2.

258 3647 272 3695 I
286 3649 307 3695 G
320 3648 372 3695 talis
383 3659 410 3696 ut
420 3647 528 3696 velocitas
538 3647 605 3709 lapsu
615 3663 657 3707 per
666 3663 717 3696 earu
729 3648 840 3708 acquisita
849 3650 880 3696 ait
944 3649 1011 3710 Ergo
1020 3664 1050 3694 ex
1061 3663 1128 3710 aquo
1135 3647 1263 3695 ιεείειειιιίι
1272 3656 1308 3696 est
1318 3648 1348 3695 ad
1357 3663 1409 3696 earn
1418 3647 1467 3695 rim
1476 3647 1549 3699 sicut

256 3711 287 3758 ad
302 3712 446 3760 velocitatem
462 3711 555 3768 circelli,
576 3721 603 3758 ut
619 3711 642 3758 Ε
656 3711 739 3759 F²sd
756 3713 779 3759 E
793 3713 880 3759 1⁴¹²-
912 3712 936 3759 Ε
949 3711 1068 3759 F²sdE
1081 3711 1545 3774 F2-{PQ2erbsutElt2ao

257 3775 280 3823 P
293 3776 343 3831 ρ’,
357 3775 522 3838 etsilingatur
531 3776 636 3824 sucellus
646 3776 756 3824 immotus
766 3776 791 3822 iu
800 3776 880 3834 medio
912 3776 936 3823 Ε
950 3776 1035 3823 1²²-
1049 3775 1071 3823 P
1083 3776 1135 3831 Q2.
1165 3776 1208 3834 At,
1219 3772 1550 3826 necresisrentiuscesris

255 3839 375 3886 foraminis
387 3840 409 3888 Ε
423 3841 477 3887 Fet
487 3855 547 3901 aqua
557 3839 643 3886 cadens
652 3854 680 3888 ex
692 3839 814 3887 altitudine
829 3841 840 3887 l
856 3841 879 3889 G
911 3848 1033 3887 mutantur
1043 3838 1190 3902 longimdine
1200 3838 1299 3901 cylindri
1314 3847 1409 3895 mutata,
1426 3839 1469 3887 scd
1484 3849 1549 3888 tan·

256 3918 285 3950 er
296 3919 350 3950 vase
360 3903 501 3964 amplissimo
515 3904 537 3950 A
548 3904 569 3949 B
580 3904 605 3950 D
615 3905 636 3950 B
648 3919 688 3964 per
699 3904 758 3952 illud
766 3904 878 3960 foramen,
911 3912 963 3950 mm
981 3902 1094 3955 densitate
1112 3901 1203 3950 mutati
1218 3911 1246 3950 ιιι
1260 3918 1289 3950 ex
1305 3902 1354 3963 ipsa
1369 3904 1552 3964 Propositonis

256 3965 312 4014 crim
332 3968 439 4014 velocitas
455 3982 520 4028 aquae
538 3966 607 4027 juxte
628 3967 746 4014 circellum
768 3969 881 4015 transiens
911 3967 1107 4016 demonstratione
1122 3967 1201 4029 liquet,
1218 3976 1253 4014 est
1266 3975 1345 4014 autem
1356 3966 1448 4029 risqui
1458 3977 1551 4018 monn

174 4083 176 4086 ¹
255 4030 337 4078 eadcru
359 4032 389 4078 sit
408 4046 436 4077 ac
455 4029 561 4077 velocitas
582 4033 706 4090 respectiva
726 4047 793 4092 aquas
810 4033 880 4094 juxta
911 4031 937 4078 in
947 4031 1052 4093 cylindro
1061 4045 1135 4092 aquen
1149 4038 1280 4092 generatur,
1299 4029 1354 4078 dato
1368 4039 1473 4092 tempore
1488 4046 1550 4094 quo

255 4095 385 4153 cylindrum
402 4095 427 4141 in
443 4093 518 4140 mnali
534 4093 612 4140 dauso
628 4103 726 4150 motum,
743 4096 803 4142 actio
813 4111 880 4157 aqua
911 4095 1067 4157 quadruplum
1078 4093 1290 4156 saetongitudints
1300 4094 1554 4146 smcumvelociuse

255 4156 282 4201 in
292 4157 409 4204 circellum
421 4160 529 4218 utrinque
546 4157 639 4220 aqualis
655 4157 770 4206 censenda
780 4169 822 4216 est,
838 4159 878 4206 sed
911 4159 1030 4220 percurrit,
1052 4157 1081 4204 ad
1101 4173 1153 4205 eam
1171 4158 1218 4204 ritn
1239 4173 1286 4220 qua
1305 4167 1385 4206 motus
1404 4158 1431 4205 in
1451 4161 1554 4222 aquati

255 4218 315 4265 actio
331 4237 397 4282 aquae
416 4223 463 4268 sire
480 4222 531 4284 ejus
549 4221 641 4280 pondus
657 4221 682 4268 iu
697 4222 822 4274 ,circellum
837 4237 879 4282 per
911 4223 1024 4284 cylindro,
1040 4221 1081 4269 sed
1096 4219 1191 4268 divmsae
1201 4220 1413 4285 densitatisaequsli
1424 4239 1480 4270 cum
1495 4239 1551 4273 ve-

217 4333 221 4343 (
258 4282 312 4328 Cor.
337 4290 373 4330 lo.
396 4285 463 4344 Prop.
485 4285 615 4332 XXXVI.
640 4295 674 4332 est
695 4285 725 4332 ad
746 4285 878 4347 cylindrum
910 4286 1002 4334 locitate
1012 4297 1083 4341 moto,
1095 4284 1178 4331 eodem
1185 4294 1290 4346 tempore
1300 4288 1431 4350 generatur,
1442 4287 1554 4337 uiden.

255 4345 323 4405 cujus
340 4348 400 4394 basis
416 4360 451 4395 eat
470 4348 575 4396 circellus
597 4347 694 4395 altitudo
712 4349 729 4412 ᾗ
746 4351 759 4396 Ι
779 4350 802 4398 G
818 4351 878 4396 sicut
909 4350 965 4398 sitas
981 4365 1049 4411 mua
1064 4348 1113 4395 sire
1130 4347 1209 4404 medii,
1228 4348 1257 4398 sd
1273 4349 1410 4399 densitatem
1427 4350 1551 4412 cylindri,

256 4409 279 4454 E
295 4409 335 4454 ΙΜ
355 4411 384 4456 ad
402 4412 423 4456 E
438 4411 582 4474 F²·ip
599 4412 652 4467 Q²‚
673 4415 722 4460 haec
741 4413 818 4474 itaque
834 4414 877 4460 erit
909 4412 1498 4476 ergomndemresistentiacstadvimquimotua
1512 4418 1552 4466 iu

255 4473 314 4519 ratio
325 4471 458 4520 resistentia
469 4476 497 4521 ad
510 4474 602 4534 pondus
612 4475 709 4537 cylindri
726 4477 792 4538 aquei
810 4478 877 4538 cujus
908 4477 1014 4538 cylindro
1032 4476 1137 4538 generari
1155 4477 1192 4522 vel
1207 4477 1260 4524 tolli
1275 4485 1349 4536 potest
1368 4493 1416 4540 quo
1431 4488 1557 4540 tempor-e

185 4557 187 4563 ·
253 4537 314 4598 basis
325 4545 359 4581 est
369 4536 473 4583 circellus
482 4549 506 4585 et
516 4538 614 4585 altitudo
626 4540 642 4602 ᾗ
655 4540 665 4585 Ι
678 4541 718 4599 G3
730 4540 877 4602 sedgravitas
907 4540 1065 4602 quadruplum
1083 4555 1132 4586 suas
1146 4539 1300 4603 longitudinis
1315 4541 1408 4602 proprii
1422 4555 1477 4588 cum
1494 4559 1551 4592 ve.

253 4611 289 4655 ast
299 4600 332 4644 ris
343 4613 396 4660 quas
406 4607 509 4658 tempore
518 4616 565 4662 quo
575 4603 716 4662 percurritur
730 4603 876 4650 uniformiter
906 4605 999 4652 locitate
1009 4603 1122 4658 describit,
1133 4613 1161 4652 ut
1173 4606 1195 4651 E
1207 4605 1246 4651 ΙΜ
1256 4604 1286 4651 ad
1298 4605 1322 4652 E
1335 4605 1438 4668 Ε’-ξ
1451 4605 1476 4653 P
1489 4609 1521 4666 Q
1531 4613 1549 4640 ²

252 4663 408 4724 quadruplum
425 4662 576 4724 longitudinis
592 4665 635 4726 {1
650 4668 673 4714 G
683 4668 732 4714 sive
742 4675 757 4715 2
769 4667 783 4714 Ι
796 4668 820 4714 G
836 4683 875 4714 ve-
907 4679 932 4715 at
942 4669 977 4731 bl⁵
984 4678 1012 4716 ut
1023 4668 1046 4715 E
1056 4667 1095 4714 F²
1105 4667 1135 4715 ad
1148 4668 1170 4714 Ε
1185 4667 1224 4714 F²
1236 4668 1348 4724 -rQ2
1360 4680 1383 4715 et
1393 4679 1420 4714 ut
1430 4668 1554 4722 densitas

253 4728 345 4776 locitats
356 4725 421 4788 lapsu
433 4741 474 4788 pcr
486 4725 499 4774 1
513 4727 536 4774 G
547 4727 666 4790 acquisiti,
678 4745 788 4794 generare
800 4740 876 4792 potest
907 4731 979 4778 medii
989 4732 1019 4779 ad
1030 4731 1166 4779 denutatem
1176 4729 1283 4791 cylindri.
1322 4732 1353 4786 Q.
1367 4747 1387 4779 e.
1401 4731 1424 4779 d.
