3275 5650
100 464 212 529 Lmen
229 460 393 542 Sncmrn]
424 460 664 527 PRINCIPIA
689 459 1061 557 MATHEMATIOA.
1308 465 1381 525 ’858

100 648 192 699 aucta
212 632 439 720 nonnunquam
459 634 588 698 dimidio
609 634 720 699 minuti
739 634 832 698 unius
854 633 991 709 secundi,
1012 652 1238 717 nonnunquam
1258 633 1381 697 minuto

100 742 239 809 secundo
261 754 338 807 toto.
385 742 548 807 cadebant
570 755 674 807 autem
694 744 809 807 rectius
830 744 933 807 vetica
953 740 1092 806 secunda
1105 752 1137 804 et
1151 753 1262 825 quarta
1280 739 1381 824 primi

99 851 183 924 vioe3
198 861 231 913 et
244 850 347 933 primu
361 849 503 913 uc'tcrtie
516 848 652 913 secundi
666 848 745 913 vice.
788 847 902 913 Vesica
924 848 1032 933 quinta
1051 868 1167 933 rugosa
1186 859 1253 911 erut
1274 858 1306 910 et
1325 868 1383 930 per

98 954 193 1047 rugas
217 980 288 1022 suas
309 958 452 1022 nonnihil
467 957 691 1023 retardabatur.
735 957 916 1022 Dismetros
936 956 1107 1020 vesicarum
1126 954 1321 1019 deducebam
1342 976 1383 1020 ex

97 1086 207 1129 earum
240 1064 492 1129 circumferentiis
524 1065 579 1129 iilo
605 1064 788 1129 tenuissimo
815 1063 865 1128 bis
894 1060 1074 1126 circunduto
1102 1060 1295 1124 mensuratis.
1341 1061 1383 1126 Et

96 1170 252 1236 theoriam
266 1170 384 1235 contuli
399 1192 470 1235 cum
484 1170 704 1255 experimentis
719 1170 752 1233 in
767 1168 872 1233 tabulis
887 1181 1044 1253 sequente,
1068 1166 1256 1231 assumendo
1277 1166 1381 1231 densi.

97 1292 194 1343 tutem
208 1280 288 1342 uiiris
304 1302 370 1343 esse
385 1280 426 1343 ad
440 1278 625 1343 densitatem
639 1300 729 1365 aquae
741 1277 885 1363 pluvialis
899 1290 937 1340 ut
952 1287 967 1340 l
986 1277 1026 1340 ud
1040 1283 1114 1353 860,
1131 1287 1163 1339 et
1171 1277 1381 1360 computande

80 1462 82 1473 Ι
98 1384 200 1469 spatia
213 1407 285 1470 quae
298 1385 384 1471 globi
398 1406 456 1469 per
469 1384 622 1451 theoriam
637 1383 676 1469 (¹¹)
691 1384 868 1447 describere
881 1383 1057 1447 debuerunt
1070 1381 1221 1447 cudendo.

746 1591 856 1670 Spatia
871 1592 975 1653 iisdem
990 1599 1060 1651 tem-
1134 1589 1320 1673 Dffreutia

740 1675 867 1756 poribus
896 1676 1060 1738 describen-
1134 1676 1214 1737 inter
1228 1675 1321 1739 tueor.

628 1808 636 1825 .
750 1763 790 1822 da
799 1784 860 1843 per
873 1763 1027 1824 theoriam.
1130 1770 1160 1823 et
1175 1782 1275 1841 cuper.

750 1907 808 1967 271
823 1904 895 1982 ped.
936 1909 971 1964 ll
992 1902 1053 1984 dig.
1091 1912 1155 1964 -0
1161 1904 1234 1982 ped.
1261 1909 1274 1964 l
1295 1906 1358 1985 dig.

749 1993 811 2053 272
955 1990 997 2067 0}
1097 1996 1155 2062 ÷0
1259 1992 1300 2068 0}

749 2079 811 2161 878
956 2077 975 2140 7
1096 2082 1155 2147 40
1260 2079 1279 2141 7

749 2165 811 2227 277
925 2184 928 2188 ’
956 2167 977 2221 4·
1096 2168 1153 2233 ÷5
1246 2167 1278 2223 ⁴4

76 2434 78 2441 ¹
138 2453 317 2521 Globornm
338 2454 434 2539 igitur
448 2465 511 2519 taur
526 2455 558 2516 in
573 2457 644 2519 eiire
659 2452 752 2539 quim
767 2454 799 2515 in
815 2451 894 2537 aquei
908 2464 1065 2515 motorum
1086 2454 1259 2519 resistentia
1278 2476 1377 2539 prope

92 2564 194 2627 omnis
208 2587 266 2650 per
281 2564 434 2629 theoriam
448 2576 585 2629 nostram
600 2578 683 2631 recte
698 2563 873 2638 exhibetur,
889 2584 926 2624 ac
940 2561 1085 2626 densitati
1098 2563 1278 2641 fluidorum,
1292 2564 1377 2647 pari·

92 2671 150 2734 bus
166 2672 334 2759 globorum
349 2673 561 2738 velocitatibus
576 2697 612 2737 ec
624 2670 898 2761 magnitudinibus,
913 2669 1152 2754 proportionalis
1167 2680 1223 2733 est.

137 2779 178 2846 In
193 2779 324 2859 scholi0,
340 2781 424 2867 quod
442 2782 523 2846 Sect.
535 2782 594 2846 VI.
607 2782 803 2868 subjunctum
818 2790 875 2856 est,
892 2776 1081 2842 ostendimus
1092 2797 1149 2861 per
1163 2776 1375 2861 experimenta

90 2888 298 2971 pendulorum
322 2889 407 2975 quod
420 2891 586 2976 globorum
601 2891 767 2977 aequelium
781 2901 813 2954 et
826 2881 1061 2975 aequivelocium
1076 2888 1110 2951 in
1123 2891 1206 2966 aiire,
1229 2887 1319 2974 equit,
1343 2900 1375 2954 et

90 3009 222 3081 argento
237 2996 307 3057 vivo
321 2981 478 3061 motorum
493 2999 674 3063 resistentiae
689 3009 761 3061 sunt
775 3010 811 3061 ut
824 2997 992 3061 fluidorum
1012 2994 1187 3059 densitates.
1232 2994 1266 3080 (¹)
1282 2995 1373 3059 Idem

88 3100 142 3164 hic
157 3102 350 3165 ostendimus
372 3103 470 3190 magis
492 3105 634 3169 accurate
649 3126 706 3189 per
721 3104 933 3187 experimenta
954 3122 1119 3186 corporum
1142 3101 1318 3166 cadentium
1338 3103 1372 3166 in

89 3210 162 3273 ae're
178 3220 210 3271 et
224 3208 314 3294 aqud.
359 3209 442 3274 Nam
456 3211 592 3296 pendula
607 3211 736 3298 singuiis
752 3209 996 3274 oscillationibus
1009 3221 1129 3272 motum
1140 3209 1223 3274 cient
1233 3210 1371 3275 influido

89 3315 192 3376 motui
205 3314 334 3399 penduli
352 3316 510 3380 redeuntis
532 3340 654 3402 semper
675 3317 874 3392 contrarium,
899 3328 930 3378 et
949 3316 1121 3379 resistentia
1139 3317 1180 3379 ab
1200 3317 1262 3381 hoc
1282 3330 1371 3382 motu

88 3409 233 3500 oriunda,
257 3435 293 3486 ut
314 3434 346 3486 et
366 3424 539 3488 resistentie
552 3421 598 3486 fili
617 3446 680 3509 quo
700 3422 873 3508 pendulum
894 3422 1150 3505 suspendebatur,
1175 3435 1272 3487 totam
1293 3445 1370 3509 pen-

87 3528 156 3592 duli
171 3531 377 3596 resistentiam
390 3513 538 3618 majurem
558 3534 761 3598 reddiderunt
776 3531 869 3619 quim
883 3534 1055 3598 resistentia
1078 3557 1148 3619 quae
1168 3556 1227 3619 per
1247 3536 1370 3620 experi-

87 3650 194 3701 menta
208 3660 375 3723 corporum
389 3641 564 3706 cedentium
586 3639 711 3727 prodiit.
756 3640 883 3704 Etenim
904 3661 961 3724 per
984 3641 1196 3725 experimenta
1216 3641 1369 3724 pendulo-¹

121 3835 587 3899 (¹¹)0Describereiiebueruntcudendo.
623 3839 712 3888 Erem·
744 3838 886 3886 veluntatem
899 3837 1194 3900 maximemaoquiritcum
1204 3837 1369 3901 quipossitin

87 3899 121 3960 pii
133 3899 204 3947 causi
215 3901 332 3950 calculum
343 3905 484 3952 tentabimus
498 3905 647 3965 experimenti
657 3919 712 3952 cunr
743 3904 795 3950 a'c're
806 3901 952 3950 descendere.
989 3900 1045 3948 Hic
1055 3902 1174 3950 velocitate
1184 3904 1259 3950 vesica
1265 3915 1368 3964 tempore

86 3965 156 4011 tertia
166 3964 242 4011 vesica
253 3965 314 4013 fecti.
351 3967 523 4029 Hujusvesicae
538 3969 650 4016 diameter
664 3977 714 4016 erat
744 3967 888 4013 minutorum
904 3965 1058 4012 secundorum
1078 3967 1125 4031 183
1141 3966 1252 4014 describet
1267 3967 1367 4027 spatium

85 4032 130 4076 5.8
139 4027 266 4090 digitorum
273 4031 393 4090 etpondus
401 4033 425 4078 in
434 4033 485 4080 a'ete
493 4047 617 4095 granorum
626 4036 678 4086 187,
687 4035 709 4081 5.
745 4035 791 4079 277
802 4028 854 4090 ped.
868 4040 892 4076 et
903 4036 924 4075 8.
938 4029 1003 4092 digit
1022 4029 1117 4078 circiter.
1153 4029 1300 4078 Subducutur
1316 4047 1367 4091 spe·

88 4093 184 4141 clebus
198 4093 257 4139 aiiris
272 4093 386 4144 diametro
396 4096 523 4158 digitorum
534 4103 575 4146 5.8
586 4095 712 4155 descriptus
744 4095 803 4141 tium
817 4099 838 4149 l,
847 4099 910 4141 8868
923 4092 995 4141 Facu
1006 4098 1028 4143 5.
1040 4094 1092 4154 ped.
1105 4104 1129 4142 et
1139 4100 1154 4142 8
1165 4094 1240 4156 digit..
1253 4103 1277 4142 et
1286 4109 1367 4142 mane·

85 4155 192 4206 continet
203 4162 234 4204 28
245 4172 317 4219 grene
328 4173 397 4221 quern
412 4160 532 4220 proximu
551 4160 615 4208 unde
632 4159 712 4208 vesicae
743 4160 803 4206 bunt
814 4161 861 4205 878
871 4157 957 4217 pedm
972 4156 1026 4204 edm
1036 4157 1062 4204 in
1072 4158 1151 4206 tabule
1166 4158 1305 4208 accuratiore
1320 4160 1366 4206 cal-

84 4217 181 4281 pondus
196 4219 221 4266 in
237 4236 310 4270 vacuo
325 4233 374 4272 erat
388 4239 454 4287 meu.
470 4229 553 4282 160,5,
564 4235 587 4273 et
597 4235 625 4272 ut
636 4230 666 4271 28
682 4222 712 4271 ad
743 4221 797 4268 culo
804 4221 908 4268 confecta
916 4220 1015 4281 spatium
1023 4237 1065 4282 per
1072 4222 1182 4269 mentium
1191 4221 1367 4270 describendum

86 4288 145 4340 160,
155 4288 170 4331 5
180 4284 213 4330 ita
223 4294 278 4332 sunt
288 4295 341 4336 octo
350 4289 505 4349 tertioepartes
516 4289 621 4337 diametri
632 4288 712 4335 vesica
743 4285 773 4332 sit
790 4291 837 4334 272
856 4285 908 4346 ped.
922 4295 946 4332 et
961 4290 976 4334 7
992 4285 1068 4348 digit,
1086 4286 1150 4333 etin
1164 4285 1322 4346 experimento
1336 4287 1367 4336 sit

83 4377 129 4410 eu
142 4361 210 4424 digiti
223 4350 508 4431 rffiusnuumrr.
520 4365 584 4430 quoe
593 4366 626 4413 ra
635 4366 712 4427 prout
743 4349 853 4410 mne&

84 4425 155 4489 digit.
174 4433 213 4483 98,
222 4433 277 4476 626.
312 4429 397 4476 Vesica
413 4428 517 4478 cudendo
533 4431 558 4476 in
573 4443 646 4476 vacuo
661 4439 711 4478 toto
776 4446 808 4510 (ι)
821 4450 835 4479 e
847 4450 911 4496 pm
921 4450 1115 4505 &mmm
1127 4450 1170 4497 &a
1204 4449 1268 4498 Nam
1278 4451 1367 4498 theom

83 4503 130 4538 ⁸¹²⁰
142 4490 244 4550 P⁰¹¹d⁰¹²
256 4497 309 4549 ¹⁶⁰2
319 4496 334 4540 ⁵
344 4508 412 4556 ΠΜ·
423 4503 526 4553 limi)ore
540 4493 626 4540 minuti
641 4494 712 4542 ”nim
745 4511 1054 4571 experimentisconiirmata‚
1066 4511 1104 4558 cui
1113 4514 1240 4573 superiores
1246 4525 1366 4575 computa·

83 4570 184 4618 secundi
195 4570 301 4620 describit
312 4571 397 4634 digitos
410 4559 712 4636 lus{‚etponderelst‚5
744 4575 819 4621 tiones
839 4575 953 4632 nituntur,
975 4577 1084 4636 supponit
1099 4577 1257 4633 resistentiam,
1279 4578 1366 4626 setene

146 4667 152 4681 .
172 4634 281 4683 describit
296 4635 380 4698 digitos
398 4641 451 4692 165,
461 4642 515 4694 688,
528 4645 551 4682 et
562 4636 643 4682 eodem
653 4653 712 4698 pon-
744 4639 845 4698 paribus,
856 4653 906 4686 esse
916 4640 940 4684 in
950 4640 1038 4685 ratione
1049 4642 1174 4701 composita
1184 4657 1211 4689 ex
1223 4644 1311 4690 ratione
1321 4641 1365 4686 du.

100 4704 232 4754 ere187‚5
244 4715 310 4762 gran.
323 4700 392 4746 etiem
409 4699 433 4747 in
450 4715 524 4748 vacuo
538 4700 646 4747 describit
661 4715 714 4760 epe·
743 4701 829 4760 piicetri
839 4701 1099 4754 velocitatismubiliset
1109 4706 1301 4767 rationesimplici
1307 4704 1364 4752 den·

82 4764 146 4810 tium
160 4763 180 4810 F
192 4763 319 4826 digitorum
336 4770 375 4822 49,
385 4769 432 4812 818
448 4774 556 4812 temnere
566 4764 600 4809 u'.
612 4769 673 4812 5⁴⁵6
689 4774 714 4812 et
744 4766 817 4812 sitatis
827 4765 901 4823 fluidi.
