3275 5650
269 426 333 482 214
568 415 930 491 ,PHILOSOPHIAE
952 415 1224 486 NATURALIS
1268 419 1380 500 [Mor.
1396 421 1541 492 Gonnos.
1635 527 1637 542 Δ

264 619 330 663 non
342 607 445 682 potest
458 595 649 664 descendere
662 596 724 661 nisi
737 594 937 679 impediendo
959 595 1142 660 descensum
1164 617 1253 681 aquae
1275 595 1401 660 alterius
1419 597 1541 662 descen·

263 705 313 768 sui
321 727 380 769 suo
388 704 550 790 equalem.
584 702 705 768 Eadem
718 700 766 766 vis
780 701 913 766 eandem
926 724 1016 788 aquoe
1030 701 1183 767 effluentis
1194 702 1388 768 velocitatem
1396 727 1541 792 generare

261 813 368 986 debSlrtd
381 921 522 984 foramen
537 918 571 982 in
583 917 683 984 fiando
696 919 785 996 vasis,
801 931 931 1004 propter
944 917 1087 1005 obliquos
1102 932 1205 984 motus
1220 909 1444 1004 particularum
1459 941 1541 1008 squas

261 1027 425 1103 effluentis,
447 1024 543 1110 paulo
556 1026 656 1110 majus
670 1048 738 1090 esse
752 1024 847 1090 debet
861 1023 955 1109 quim
969 1025 1065 1109 prius.
1110 1027 1157 1110 (¹¹¹)
1175 1026 1259 1090 Nam
1279 1026 1540 1112 particularesque

254 1135 323 1220 jam
336 1156 402 1198 non
416 1145 579 1198 transeunt
592 1154 701 1220 omnes
721 1131 935 1217 perforamen
956 1130 1273 1215 perpendicularitei;
1296 1131 1352 1195 sed
1360 1155 1386 1198 ,a
1399 1131 1539 1198 lateribus

259 1242 341 1324 vasis
356 1241 495 1326 undique
509 1239 700 1304 confluentes
715 1250 747 1302 et
760 1239 794 1301 in
808 1237 949 1302 foramen
971 1250 1204 1325 convergentas,
1230 1238 1363 1324 obliquis
1385 1251 1540 1340 transeunt

258 1348 412 1422 motibus3
435 1358 468 1410 et
489 1367 616 1410 cursum
635 1366 727 1408 suum
748 1343 895 1408 deorsum
915 1343 1075 1408 flectentes
1097 1344 1131 1406 in
1150 1363 1262 1408 venam
1278 1367 1368 1430 aquae
1389 1346 1539 1412 exilientis

245 1440 448 1539 conspirant,
475 1473 546 1538 quse
566 1451 678 1516 exilior
698 1463 746 1515 est
764 1451 859 1535 paulo
882 1450 964 1514 infra
985 1451 1126 1515 foramen
1145 1450 1239 1538 qusint
1253 1453 1286 1515 in
1300 1453 1369 1538 ipso
1382 1455 1537 1535 foramine,

257 1563 411 1626 existente
432 1562 499 1646 ejus
523 1559 676 1622 diametro
695 1556 737 1621 ad
758 1557 944 1620 diametrum
957 1557 1116 1621 foraminis
1138 1571 1173 1621 ut
1188 1567 1207 1622 5
1223 1558 1264 1621 ad
1280 1569 1310 1635 6,
1326 1560 1375 1624 vel
1390 1567 1431 1642 ⁵l
1448 1563 1489 1626 ad
1501 1568 1539 1646 δὴ

257 1665 519 1755 quamproxime,
534 1666 563 1730 si
577 1662 673 1728 modo
688 1664 855 1728 diametros
869 1662 953 1728 recte*
969 1664 1126 1728 dimensus
1141 1685 1221 1728 sum.
1268 1666 1422 1731 Parabam
1439 1671 1539 1756 utique

256 1776 404 1840 laminam
427 1776 554 1860 planam
581 1785 766 1858 pertenuem
785 1774 820 1835 in
844 1772 949 1836 medio
977 1771 1175 1857 perforatam,
1206 1773 1357 1840 existente
1385 1778 1538 1843 circularis

166 1862 170 1868 Ι
255 1882 415 1945 foraminis
431 1881 583 1944 diametro
596 1880 733 1964 partium
747 1878 885 1964 quinque
906 1891 1084 1942 octavarum
1105 1878 1204 1966 digiti.
1251 1881 1293 1944 Et
1306 1903 1347 1946 ne
1361 1905 1441 1946 vena
1455 1908 1540 1969 aquae

256 1989 421 2065 exilientis,
447 1986 590 2051 cadendo
611 1985 836 2050 acceleraretur
858 1997 890 2050 et
913 1985 1137 2048 acceleratione
1163 1985 1346 2050 redderetur
1371 1993 1538 2076 angustior,

254 2097 337 2162 hanc
351 2099 500 2162 laminam
509 2108 577 2160 ‘non
591 2095 690 2160 fundo
702 2094 758 2160 sed
771 2094 862 2158 lateri
877 2094 957 2157 vasis
968 2093 1052 2156 effixi
1067 2093 1121 2170 sic,
1137 2104 1173 2157 ut
1186 2116 1266 2158 vena
1279 2095 1332 2158 illa
1343 2098 1540 2182 egrederetur

255 2209 426 2273 secundum
440 2208 553 2270 lineam
568 2204 722 2268 horizonti
735 2200 928 2286 parallelam.
972 2200 1059 2264 Dein
1074 2201 1129 2263 ubi
1143 2223 1197 2264 vas
1212 2201 1291 2286 aquai
1306 2201 1434 2284 plenum
1450 2218 1537 2282 esset,

254 2318 363 2401 aperui
384 2316 523 2380 foramen
538 2326 573 2377 ut
587 2334 669 2398 aqua
682 2310 839 2385 efflueret;
862 2321 893 2374 et
907 2329 996 2372 venae
1010 2307 1170 2386 diameter,
1193 2309 1235 2373 ad
1255 2310 1433 2376 distantiam
1455 2316 1539 2399 quasi

255 2426 378 2490 dimidii
392 2425 482 2512 digiti
495 2447 516 2488 a
528 2423 681 2486 foramine
694 2418 788 2506 quem
802 2416 1031 2482 accuratissime
1052 2433 1240 2499 mensurata,
1266 2422 1384 2506 prodiit
1405 2425 1539 2508 partium

253 2533 364 2619 viginti
378 2531 516 2595 etunius
530 2525 950 2615 quadragesimarumfdigiti.
995 2524 1035 2610 (¹¹)
1053 2523 1131 2590 Erat
1144 2527 1239 2616 igitur
1253 2526 1405 2594 diameter
1414 2529 1539 2594 forami-

290 2747 331 2808 (a)
349 2752 363 2778 ⁸
381 2751 447 2797 Nam
497 2751 586 2798 ηὶειιὶα
607 2763 684 2811 aqua,
707 2746 750 2794 isc.
786 2743 880 2794 clariss.
914 2744 1048 2794 acceleratio
1058 2745 1142 2804 matius,
1153 2761 1206 2808 quse
1217 2747 1325 2796 omnibus
1335 2748 1444 2812 gravibus
1456 2749 1538 2797 cadeu-

258 2797 346 2859 Ddriiel
366 2765 517 2861 Bernoudfus
534 2828 625 2875 paragr.
639 2817 663 2859 ὅ,
683 2810 744 2859 sect.
759 2807 807 2857 lv.
827 2809 883 2871 Hy·
914 2809 976 2857 tibus
991 2811 1122 2859 communis
1132 2820 1174 2868 est,
1186 2811 1209 2859 el
1219 2809 1266 2875 qud
1277 2812 1303 2860 iit
1314 2821 1341 2861 ut
1351 2813 1426 2877 major
1435 2813 1467 2861 sit
1477 2813 1537 2863 relo-

255 2876 427 2938 drodynamicre
432 2879 561 2924 emanarit
568 2876 692 2937 particulas
699 2889 758 2922 cera
765 2874 883 2933 Himant-
914 2874 971 2921 citas
980 2890 1047 2936 aque
1058 2875 1082 2920 in
1093 2874 1144 2922 loro
1154 2875 1255 2922 inferiori
1266 2893 1279 2923 e
1289 2877 1303 2923 f
1310 2876 1380 2939 quem
1389 2878 1414 2923 in
1421 2878 1537 2937 superiora

255 2954 289 2985 ca
300 2940 366 3001 aquis
376 2940 508 2987 innatantes
517 2938 550 2987 ittl
561 2955 615 2987 cam
622 2938 714 3001 aquilin
724 2953 777 2984 vase
785 2938 880 2993 moveri,
914 2938 938 2984 E
952 2938 986 2995 F;
1003 2939 1058 2999 quia
1073 2938 1135 2984 enim
1151 2954 1235 3001 aquam
1250 2954 1299 2987 esse
1309 2942 1334 2986 in
1346 2949 1407 2987 statu
1417 2952 1535 2998 manente,

256 3013 282 3049 ut
292 3018 346 3066 quar
357 3004 476 3051 foraminis
486 3014 566 3051 centro
576 3003 731 3056 Cimminent,
743 3016 785 3061 per
795 3001 882 3047 lineam
913 3000 1056 3063 eandemque
1071 3001 1168 3062 proinde
1180 3001 1249 3065 (271)
1260 3003 1324 3050 illius
1333 3005 1486 3067 quantitatem
1498 3020 1539 3065 per

254 3067 387 3115 verticalem
406 3068 433 3115 H
448 3069 479 3124 G,
497 3066 646 3125 descendam,
664 3065 716 3113 alie
731 3063 785 3113 verti
801 3078 883 3111 omnes
914 3065 1025 3111 sectiones
1045 3066 1067 3112 E
1086 3066 1201 3118 Feres,
1221 3066 1303 3113 eodem
1322 3076 1426 3128 tempore
1443 3068 1538 3116 effluere

912 3126 1072 3187 supponimus,
1084 3130 1155 3177 sectio
1165 3145 1178 3177 e
1188 3130 1203 3175 f
1209 3139 1244 3177 est
1254 3130 1283 3177 ad
1294 3132 1419 3179 seetiomm
1438 3134 1461 3180 E
1477 3133 1497 3179 F
1512 3134 1537 3180 in

912 3193 1002 3238 ratione
1019 3191 1145 3239 velocitatis
1163 3208 1229 3255 aque
1247 3193 1272 3239 in
1289 3194 1340 3243 loeo
1358 3196 1421 3251 EF,
1440 3196 1471 3243 ad
1486 3198 1538 3260 ejus

914 3254 1058 3302 velocitatem
1073 3256 1098 3301 in
1114 3256 1166 3303 loeo
1181 3258 1296 3321 ermtt)
1308 3258 1394 3307 etideti
1410 3260 1483 3308 sectio
1493 3262 1535 3316 ef,

913 3319 1001 3366 cseteris
1011 3320 1111 3379 paribus,
1127 3320 1203 3367 minor
1213 3336 1262 3367 esse
1272 3322 1340 3369 debet
1350 3324 1452 3371 sectione
1469 3325 1492 3371 E
1506 3325 1534 3372 F.

915 3383 1022 3429 Secunda
1032 3383 1192 3431 contractionis
1203 3400 1268 3432 vente
1283 3400 1358 3443 causa,
1378 3403 1450 3449 quam
1461 3389 1537 3435 solam

912 3446 951 3493 hie
968 3446 1095 3493 considerat
1112 3447 1250 3506 Newtonus,
1270 3459 1304 3496 est
1319 3450 1443 3512 obliquitas
1459 3451 1538 3499 motis

911 3509 1075 3569 particularum
1087 3524 1153 3571 aquae
1159 3526 1200 3571 per
1210 3511 1283 3559 lineas
1293 3514 1354 3571 PE,
1366 3529 1381 3574 q
1391 3514 1419 3572 F,
1431 3515 1463 3563 ad
1473 3517 1538 3563 fora-

911 3587 966 3619 men
978 3572 1001 3619 t:
1013 3572 1033 3619 F
1043 3573 1204 3632 tendentium
1221 3576 1276 3623 hinc
1286 3577 1349 3623 enim
1361 3578 1395 3634 tn,
1407 3588 1435 3625 ut
1445 3578 1539 3627 seclusi

909 3636 980 3682 etiam
990 3637 1054 3682 omni
1064 3637 1227 3686 acceleratione
1238 3639 1317 3687 mattis
1327 3656 1342 3687 a
1352 3642 1466 3703 puritate
1477 3642 1538 3699 ortd,

908 3699 1027 3759 particula
1045 3714 1111 3761 aque
1127 3713 1274 3764 contegant,
1294 3718 1424 3768 venamque
1442 3718 1537 3755 conus·

908 3762 971 3819 hant,
982 3771 1051 3825 atque
1061 3762 1114 3811 ideo
1124 3776 1215 3812 motum
1226 3782 1296 3813 mum
1306 3768 1441 3817 accelerent.

940 3846 976 3913 (¹¹)
994 3851 1007 3879 ⁹
1025 3850 1089 3897 Erat
1106 3851 1177 3911 igitar
1194 3854 1303 3901 diameter
1314 3855 1446 3918 foraminis
1465 3858 1539 3920 lajas

907 3914 1026 3960 memoris
1037 3916 1068 3960 ad
1075 3916 1213 3963 ramnum
1222 3933 1285 3964 omre
1296 3927 1324 3965 at
1333 3922 1363 3967 25
1373 3922 1405 3966 ad
1413 3925 1441 3966 21
1451 3939 1539 3983 qaam·

903 3974 1014 4038 proniori.
1049 3976 1112 4024 Haec
1130 3978 1188 4025 ratio
1206 3979 1231 4024 in
1248 3981 1410 4040 experimentis
1426 3995 1539 4031 constans

906 4037 955 4087 sere
971 4050 1056 4098 manet,
1074 4041 1093 4087 si
1104 4056 1164 4103 aqua
1174 4057 1188 4089 e
1198 4058 1250 4090 vase
1261 4045 1315 4090 satis
1331 4045 1410 4105 amplo
1427 4063 1469 4106 per
1486 4049 1536 4095 exi·

849 4120 853 4136 i
906 4118 982 4165 guum
998 4104 1103 4151 foramen
1121 4106 1214 4153 laminas
1233 4108 1374 4154 tenuissimae
1389 4108 1540 4171 insculptum

908 4166 995 4225 effluat,
1011 4168 1066 4215 licet
1075 4169 1100 4214 in
1111 4184 1164 4215 vase
1177 4180 1281 4217 mutetur
1295 4188 1362 4233 aquae
1372 4172 1485 4221 foramini
1501 4175 1539 4221 in·

908 4232 1038 4278 cumbentis
1049 4232 1154 4280 altitudo.
1190 4234 1357 4294 Experimento
1368 4236 1409 4283 illa
1420 4239 1538 4287 iterarunt

907 4294 1049 4342 celeberrimi
1059 4296 1223 4355 mathematici,
1241 4295 1348 4345 Marchio
1361 4300 1467 4348 Polenns
1479 4302 1536 4349 Lib.

250 4354 361 4417 atriaque
375 4354 456 4415 posita
471 4363 538 4403 motu
552 4355 601 4403 fere
616 4354 717 4403 rerticali
736 4357 876 4409 descendant
908 4356 937 4405 dc
958 4358 1063 4405 Castaliis
1081 4368 1104 4406 et
1122 4358 1209 4407 Daniel
1228 4362 1378 4410 Bemoullius
1402 4366 1463 4413 Sect
1486 4366 1535 4413 lV.

250 4418 355 4480 primum
373 4435 415 4478 per
432 4419 505 4465 lineas
520 4434 578 4479 mp,
596 4435 612 4465 n
623 4434 646 4482 q,
662 4420 712 4467 sere
727 4420 757 4468 ad
772 4422 875 4471 fundum
909 4420 1130 4483 Hydrodynamieae.
1157 4425 1220 4473 Haec
1228 4436 1282 4471 sunt
1292 4426 1374 4473 illustr.
1388 4428 1538 4475 Marehionis

251 4497 325 4545 usque
338 4482 358 4529 C
372 4483 405 4539 D,
421 4491 519 4545 uimque
534 4498 628 4529 sursum
642 4499 712 4530 suum
723 4500 801 4532 sersus
811 4486 873 4533 fora·
906 4488 975 4533 rerba
985 4502 1037 4548 pag.
1049 4492 1089 4533 58.
1098 4494 1137 4550 39.
1158 4494 1174 4519 ‘⁸
1188 4489 1292 4537 Proclive
1302 4502 1381 4536 autem
1393 4492 1437 4539 erit
1447 4492 1538 4538 intelli-

250 4560 306 4593 men
318 4546 341 4593 E
355 4545 376 4592 F
383 4546 504 4605 pertineas
516 4546 536 4593 P
549 4546 580 4603 Ε,
591 4562 607 4607 q
620 4547 640 4593 F
651 4550 735 4594 sensim
745 4548 871 4597 inflectant.
906 4564 968 4611 gere,
980 4549 1111 4597 confirmari
1122 4567 1150 4599 ex
1161 4552 1236 4599 allatis
1246 4553 1408 4613 experimentis
1419 4556 1537 4603 rationem

252 4610 337 4672 ltaque
347 4621 406 4655 vena
421 4624 488 4670 aquae
504 4609 618 4656 exilientis
629 4611 652 4657 E
665 4610 711 4657 Ff
717 4627 731 4658 e
741 4611 829 4672 duplici
845 4612 875 4661 de
906 4612 967 4659 iuter
985 4612 1109 4661 diametros
1124 4616 1264 4663 foraminum
1280 4626 1304 4663 et
1322 4632 1389 4680 aquae
1409 4628 1538 4666 conuecta

252 4674 322 4722 musi
331 4671 474 4721 cmmahitur
488 4686 562 4733 usque
576 4673 798 4733 inefpauloinfra
813 4676 874 4723 fora·
907 4675 1031 4723 diametros
1049 4691 1063 4724 a
1080 4678 1129 4724 viro
1147 4694 1240 4727 summo
1258 4680 1339 4727 isaaco
1363 4682 1487 4737 Newtono,
1506 4690 1538 4729 ut

251 4751 307 4785 men
319 4738 342 4787 E
355 4736 383 4785 F.
419 4736 500 4785 Prima
514 4736 676 4785 cenomannis
686 4736 751 4785 illius
760 4754 831 4788 causa
840 4749 876 4789 est
906 4738 960 4788 ante
971 4738 1079 4799 diximus,
1096 4742 1250 4792 constitutam.
1286 4744 1342 4793 Non
1353 4753 1433 4795 tamen
1443 4747 1536 4811 infidas
