3275 5650
65 448 67 455 ⁴
102 447 207 513 Lirim
224 450 390 525 Sncuun.]
437 448 682 516 PRINCIPIA·
704 451 1069 548 MATHEMATICI.
1305 470 1366 536 ret

99 624 204 707 posito,
222 619 255 705 (¹)
271 630 308 685 ut
321 618 415 686 madii
429 619 579 704 propositi
592 620 726 687 densitas
739 622 904 689 mediocris
911 625 1057 691 interbos
1066 626 1197 693 circulos
1210 602 1363 711 admedii,

100 728 208 814 dequo
223 726 354 813 egimus,
377 725 559 792 densitatem
580 726 767 799 mediocrem
788 728 869 793 inter
882 731 1008 803 eosdem
1022 730 1114 819 quim
1126 734 1285 817 proxime:
1309 736 1364 801 sed

100 835 171 897 etin
184 832 297 897 eadem
311 852 433 918 quoque
447 832 566 897 ratione
581 854 647 897 csse
668 844 824 923 secantem
844 834 950 923 anguli
972 858 1034 923 quo
1055 837 1174 923 spiralis
1198 841 1363 925 praefinim,

97 939 125 1003 in
137 938 244 1009 medio
257 937 298 1002 de
312 958 375 1022 quo
396 937 524 1023 egimus,
548 948 631 1002 secat
643 938 766 1002 radium
780 940 812 1004 A
828 941 861 1017 S,
884 940 925 1003 ad
939 954 1090 1008 secantem
1105 943 1211 1031 anguli
1224 968 1287 1033 quo
1300 948 1363 1031 spi·
1420 946 1425 957 '

95 1046 162 1109 ralis
175 1066 260 1107 nova
281 1052 365 1107 secat
384 1042 505 1107 radium
524 1045 656 1107 eundem
670 1044 703 1107 in
717 1046 820 1111 medio
842 1048 1017 1131 proposito:
1041 1049 1087 1134 (“)
1103 1064 1194 1136 atque
1214 1052 1306 1117 etiam
1327 1067 1363 1120 ut
1482 1128 1492 1138 ‚

15 1229 18 1232 Α
96 1164 162 1217 sunt
186 1150 369 1215 eorumdem
397 1150 581 1237 angulorum
609 1164 770 1239 tangentes
798 1154 842 1217 ita
870 1178 937 1220 esse
965 1179 1109 1223 numeros
1137 1160 1362 1226 revolutionum

95 1259 230 1323 omnium
243 1258 326 1321 inter
338 1256 469 1331 circulos
484 1257 609 1323 eosdem
623 1258 702 1322 duos
716 1280 808 1346 quam
824 1262 975 1344 proximi.
1020 1264 1059 1348 (¹)
1071 1266 1105 1329 Si
1120 1264 1187 1331 hoec
1201 1268 1278 1331 fiant
1290 1291 1361 1353 pas·

95 1365 147 1429 sim
159 1365 243 1427 inter
256 1362 388 1427 circulos
401 1362 502 1437 bium,
518 1364 749 1429 continuabitur
762 1378 864 1430 motus
878 1390 936 1451 per
949 1370 1080 1435 circulos
1095 1394 1213 1438 omnes.
1256 1376 1362 1461 Atque

93 1472 147 1534 hoc
159 1481 256 1555 pacto
269 1470 356 1533 haud
370 1470 531 1535 difficulter
545 1471 706 1557 imaginari
719 1493 883 1558 possumus
898 1476 1009 1561 quibus
1018 1478 1118 1543 modis
1126 1502 1163 1544 ac
1171 1486 1361 1567 temporibus

9 1598 10 1645 i
94 1598 219 1661 corpora
233 1576 268 1640 in
282 1576 387 1640 medio
401 1598 586 1663 quocunque
599 1578 733 1665 regulari
746 1581 851 1665 gyrari
865 1560 1033 1649 debebubt.

9 1742 10 1751 ,
132 1684 232 1747 Corol.
241 1691 271 1747 9.
289 1681 332 1746 Et
339 1682 477 1767 quamvis
484 1694 586 1749 motus
598 1684 763 1747 excentrici
774 1686 807 1747 in
818 1685 982 1770 spiralibus
995 1691 1079 1773 (⁰)ad
1088 1690 1361 1759 formamoralium

92 1792 305 1858 accedentibus
319 1803 525 1882 peragantur3
548 1804 653 1857 temen
675 1794 879 1881 concipiendo
902 1796 1062 1880 spiralium
1081 1799 1204 1867 illarum
1224 1802 1361 1889 singulas

91 1896 294 1964 revolutiones
308 1897 418 1963 iisdem
429 1898 470 1965 ab
482 1897 614 1963 invicem
628 1898 794 1965 intervallis
814 1901 939 1979 distare,
963 1892 1131 1992 iisdemque
1151 1908 1298 1995 gradibus
1319 1910 1361 1974 ad

91 2018 225 2070 centrum
252 2004 400 2069 accedere
422 2026 492 2099 cum
514 2004 619 2092 spirali
640 2006 780 2091 superius
801 2006 965 2093 descripti,
993 2011 1032 2094 (Ρ)
1047 2010 1253 2099 intelligemus
1267 2015 1360 2079 etiam

90 2112 242 2201 quomodo
257 2123 359 2175 motus
374 2132 538 2196 corportun
552 2111 779 2196 inhujusmodi
794 2114 958 2197 spiralibus
971 2131 1168 2205 peragantur.
1357 2114 1361 2120 ’

308 2282 588 2351 PROPOSITIO
611 2270 704 2347 XVI.
747 2282 1017 2351 THnonEMA
1038 2286 1138 2352 XIII.

9 2448 11 2463 ι
88 2416 118 2479 si
124 2414 216 2477 medii
225 2412 359 2475 denotas
368 2411 400 2472 in
411 2408 661 2493 locissingrdissit
671 2407 1017 2491 reciprocirddistantia
1028 2414 1295 2477 bcmmcemtro
1303 2414 1358 2477 im·

123 2522 236 2599 mobili,
253 2530 349 2603 stipae
362 2518 407 2583 vis
421 2520 584 2600 centrapeta
598 2514 747 2599 reciproce*
756 2528 790 2581 ut
804 2520 939 2602 dignitas
952 2522 1090 2603 quelibet
1102 2519 1228 2603 diaden
1242 2524 1357 2585 uetan-

122 2628 199 2689 tioe:
222 2627 290 2687 dico
305 2624 383 2707 quod
396 2644 501 2705 corpus
510 2624 621 2707 gyrari
628 2631 729 2705 potest
741 2622 775 2685 in
788 2624 898 2706 spirali
918 2644 984 2709 qatae
1003 2624 1211 2691 radioscmnes
1223 2646 1244 2688 a
1257 2636 1358 2689 centro

122 2738 177 2799 illo
194 2736 296 2799 ductos
310 2736 466 2798 intersecat
480 2732 513 2795 in
527 2732 637 2815 angtao
654 2732 735 2794 dato.

109 2855 539 2927 Demonstratureddcmme·

84 2963 539 3050 tbodocumPropositionesu·

83 3075 212 3158 periore.
260 3072 343 3136 Nam
361 3069 387 3136 si
401 3068 446 3134 viz
468 3091 539 3132 cen·

82 3182 192 3266 tn'peta
213 3180 248 3242 in
272 3179 300 3243 P
321 3177 361 3240 sit
381 3175 539 3260 reciproce

81 3299 112 3352 ut
124 3286 286 3352 distantiae
302 3285 326 3349 S
342 3284 380 3362 Ρ,
404 3283 538 3370 dignitas

77 3735 138 3798 quo
168 3734 290 3796 corpus
319 3709 466 3777 describit
488 3729 539 3772 ar·

75 3842 144 3884 cum
160 3817 306 3906 quemvis
322 3819 352 3881 P
366 3817 416 3894 Q;
430 3815 489 3880 erit
502 3823 538 3878 ut

146 4077 162 4105 s
659 4098 665 4111 ⁸
693 4094 700 4110 ⁸
1341 4093 1349 4107 ·

70 4137 153 4200 bajus)
173 4131 335 4196 supponendo
353 4131 447 4190 spitales
465 4127 640 4190 logaritbmieas.
663 4139 704 4187 per
737 4126 798 4174 Sunt
807 4125 871 4172 enim
879 4125 973 4185 spinales
982 4140 1081 4190 quarum
1091 4123 1244 4171 resolutiones
1254 4123 1353 4184 singula
1398 4140 1409 4159 't

69 4211 159 4260 puncta
169 4200 208 4252 A,
221 4199 252 4253 B,
266 4195 335 4252 C‚-D,
346 4194 372 4240 in
380 4203 477 4254 utroque
485 4191 562 4240 medio
572 4191 701 4250 descriptas.
735 4188 784 4236 fere
799 4189 950 4236 comentrico
964 4198 1019 4234 sunt
1029 4198 1052 4234 et
1062 4189 1091 4234 ad
1101 4187 1200 4233 formam
1213 4186 1353 4234 circulorum

98 4264 164 4328 (“)*
173 4259 476 4322 Amnemamuauneec.
491 4256 537 4302 Per
543 4255 703 4315 eorabujus.
736 4253 864 4308 accedunt3
876 4251 972 4297 alierum
983 4251 1136 4297 revolutiones
1146 4249 1258 4296 accedunt
1266 4249 1296 4297 ad
1304 4251 1354 4298 sor-

96 4329 135 4394 (¹²)
149 4332 166 4358 ⁸
180 4329 211 4374 Si
226 4327 275 4373 lcoec
283 4325 348 4390 fiant
360 4323 446 4382 pressim
456 4321 516 4367 inter
526 4320 621 4366 cirmslas
631 4319 701 4373 binos,
732 4331 797 4362 mam
814 4314 917 4362 oralium
934 4321 1014 4361 centro
1029 4313 1123 4374 spiselis
1132 4327 1176 4373 pro
1195 4313 1301 4374 ellipseos
1315 4313 1355 4361 vel

67 4390 207 4438 invenietur
219 4387 244 4433 in
255 4385 334 4433 medio
343 4381 445 4446 regulari
452 4381 491 4428 lex
501 4379 549 4443 qui
560 4389 638 4428 motus
647 4393 703 4426 con·
733 4379 805 4428 ovrlis
814 4378 869 4426 ioco
876 4387 977 4438 recepto.

66 4455 206 4504 inuehitur
217 4448 461 4511 semanimem
472 4460 523 4504 seu,
533 4445 594 4492 inser
603 4443 701 4492 cuculos
763 4443 787 4505 (Ρ
812 4445 824 4472 ·
837 4443 990 4504 immamus
1004 4441 1073 4493 aba»
1089 4442 1128 4504 (ut
1137 4437 1163 4486 in
1175 4439 1229 4489 cor.
1243 4440 1279 4501 a.)
1296 4457 1353 4503 qao-

65 4531 156 4576 onmss,
178 4511 384 4578 quemadmodum
400 4507 498 4556 inventis
513 4506 626 4570 prioribus
636 4505 702 4553 seriei
733 4523 757 4554 m
799 4506 852 4560 ‚isc

65 4581 185 4644 reginas-is
202 4576 318 4631 mininis,
335 4573 482 4636 cognocitur
491 4569 701 4638 lerqadiIIrpre·
763 4563 799 4632 (“)
813 4571 826 4600 ⁰
839 4570 959 4629 &iligetw
972 4575 1002 4616 at
1016 4565 1096 4628 repra.
1114 4567 1159 4614 dcc·
1194 4566 1354 4626 Quocumque

64 4637 453 4706 aredimasqtriborpsctadc·
731 4633 796 4680 enim
811 4629 1039 4692 ntr'uoenttipeta.
1056 4628 1353 4684 ilbestadrimresisten·
