3275 5650
271 388 334 447 tos
591 374 933 447 rrunosorrnre
954 322 1227 442 uarunanrs
1278 371 1391 453 [ua.
1404 371 1557 437 corsos.

269 548 393 613 duobus
408 549 439 612 A
453 559 486 613 et
501 548 540 625 B,
556 556 588 613 et
601 546 698 611 altera
711 546 776 610 duo
792 545 820 609 F
833 555 867 608 et
881 543 914 609 G
928 544 962 607 in
975 542 1069 608 tertio
1084 542 1130 617 03
1145 542 1246 627 sitque
1259 540 1405 609 velocitas
1414 542 1556 626 corporis
1572 616 1577 625 .

263 656 305 721 ‘D
319 656 360 719 ad
374 654 567 719 velocitatem
588 652 727 737 corporis
743 652 783 729 E,
805 663 838 715 et
859 650 1006 715 velocitas
1024 647 1165 732 corporis
1179 647 1209 716 F
1221 646 1264 712 sd
1277 646 1469 715 velocitatem
1482 668 1555 712 oor-

266 766 352 849 poris
365 764 398 829 G
408 764 445 827 'in
460 760 673 847 subduplieatri
688 761 808 825 ratione
822 760 933 824 virium
950 759 982 822 T
997 758 1038 822 ad
1051 758 1133 821 vires
1149 756 1197 821 V:
1220 756 1391 825 resistentia
1410 756 1554 839 corporis

267 872 302 938 D
316 873 375 937 erit
389 872 428 936 ad
444 870 649 935 resistentiam
663 868 803 952 corporis
818 866 858 942 E,
874 863 907 930 et
920 863 1096 930 resistentia
1105 862 1245 946 corporis
1257 861 1333 927 Fad
1347 861 1554 948 resistentiam

265 982 405 1065 corporis
421 978 464 1057 G,
488 974 523 1059 (')
537 978 571 1040 in
591 976 791 1040 velocitatum
812 974 933 1038 ratione
947 968 1123 1055 duplicatis
1144 980 1177 1038 et
1189 979 1357 1053 propterea
1376 967 1553 1037 resistentia

263 1087 403 1171 corporis
425 1086 461 1150 D
482 1083 541 1148 erit
561 1082 603 1147 ad
624 1081 830 1151 resistentium
855 1078 993 1163 eorporis
1010 1077 1088 1142 Fut
1100 1074 1274 1147 resistentia
1294 1074 1440 1159 corporis*
1457 1074 1487 1138 E
1508 1073 1552 1139 ad

263 1192 469 1258 resistentiam
485 1188 623 1274 corporis
639 1188 683 1254 G.
717 1188 819 1253 Sunto
833 1207 967 1269 corpore
977 1184 1011 1248 D
1019 1194 1053 1249 et
1067 1183 1095 1247 F
1109 1180 1309 1267 aequiraloeia
1320 1192 1357 1245 ut
1369 1189 1403 1245 et
1416 1198 1550 1265 empore

265 1304 294 1369 E
309 1315 340 1367 et
356 1302 388 1367 G
396 1326 406 1378 3
425 1298 464 1365 'et
478 1300 622 1388 augendo
642 1300 819 1367 velocitates
842 1319 1010 1382 corporum
1025 1297 1059 1365 D
1074 1308 1107 1366 et
1122 1296 1149 1365 F
1163 1296 1196 1362 in
1210 1296 1330 1359 ratione
1350 1291 1547 1379 quicunque,

262 1434 300 1476 so
321 1410 523 1475 diminuendo
544 1408 624 1491 uires
645 1407 868 1492 particularum
889 1405 985 1472 medii
1007 1406 1037 1472 B
1054 1405 1089 1469 in
1110 1402 1220 1471 eidem
1240 1404 1360 1469 ratione
1378 1398 1546 1486 duplicati,

262 1519 302 1605 (Β)
317 1514 444 1581 accedet
457 1515 596 1579 medium
611 1514 640 1578 B
653 1515 694 1577 ad
708 1512 841 1579 formam
855 1525 888 1579 et
902 1512 1113 1583 conditionem
1132 1512 1229 1578 medii
1251 1511 1280 1576 C
1300 1532 1360 1595 pro
1379 1510 1490 1588 lubitu,
1513 1521 1548 1575 et

261 1624 378 1693 idcirco
402 1623 586 1689 resistentie
608 1642 775 1707 corporum
799 1622 966 1708 aequalium
988 1634 1020 1685 et
1040 1618 1276 1705 eequivelociurn
1296 1617 1372 1682 Est
1387 1616 1420 1681 G
1438 1616 1474 1681 in
1495 1617 1547 1681 his

259 1734 380 1811 mediis,
395 1730 548 1817 perpetui>
562 1730 710 1795 accedent
722 1730 764 1794 ad
778 1729 997 1815 aequalitatem,
1013 1728 1057 1793 ite
1071 1738 1107 1793 ut
1119 1747 1228 1796 earum
1239 1723 1415 1792 differentia
1430 1723 1547 1789 evadat

246 1839 386 1904 tandem
399 1840 502 1901 minor
516 1858 610 1924 quarn
624 1837 697 1901 data
710 1836 837 1923 quoevis.
883 1835 1021 1902 Proinde
1035 1834 1108 1901 erim
1121 1833 1306 1902 resistentia
1326 1854 1493 1915 corporum
1506 1832 1543 1897 D

258 1960 290 2013 et
305 1948 333 2013 F
347 1948 408 2011 sint
422 1948 463 2011 sd
476 1946 610 2009 invicem
623 1956 658 2009 ut
672 1945 855 2009 resistentiae
869 1964 1037 2027 corporum
1053 1942 1082 2005 E
1094 1952 1129 2004 et
1142 1940 1187 2017 G,
1209 1938 1359 2004 accedent
1378 1936 1469 2006 etiam
1488 1936 1545 2006 hae

258 2054 398 2119 similiter
412 2054 453 2119 ad
468 2054 620 2135 rationem
634 2052 829 2139 aequalitatis.
877 2050 1058 2134 Corporum
1079 2049 1175 2135 igitqr
1190 2048 1224 2113 D
1239 2059 1271 2113 et
1285 2046 1322 2125 F,
1345 2046 1399 2110 ubi
1411 2046 1544 2111 velocis·

256 2160 333 2227 simi
348 2172 527 2237 moventur,
537 2158 719 2223 resistentiae
729 2170 806 2223 ,sint
815 2156 951 2242 equales
962 2152 1228 2246 quamproxime}
1248 2163 1281 2217 et
1292 2164 1460 2237 propterea
1468 2151 1544 2222 crim

255 2266 431 2331 resistentia
452 2266 591 2349 corporis
615 2265 642 2328 F
660 2264 751 2329 sitin
773 2261 930 2348 duplicati
952 2264 1072 2327 ratione
1086 2261 1266 2339 velocitatis,
1289 2260 1349 2327 erit
1368 2259 1544 2329 resistentie

254 2376 394 2459 corporis
408 2376 442 2449 D
456 2375 490 2439 in
504 2374 614 2439 eidem
628 2374 749 2439 ratione
762 2372 857 2457 quim
870 2373 1022 2457 proximi.
1100 2401 1102 2404 ’

296 2480 336 2566 (¹¹)
354 2483 453 2547 eorot
470 2490 504 2547 3.·
523 2540 526 2545 ,
545 2480 695 2565 Corporis
710 2479 742 2543 in
757 2479 856 2546 fluido
870 2480 979 2565 quovis
993 2478 1121 2545 elastico
1134 2474 1325 2546 velocissime
1338 2477 1416 2542 moti
1430 2476 1543 2543 eadem

251 2586 316 2652 iere
331 2600 377 2652 est
390 2586 564 2652 resistentia
577 2609 614 2651 ac
627 2586 654 2649 si
667 2598 771 2670 partes
779 2586 869 2649 fluidi
882 2586 999 2649 viribus
1014 2586 1077 2649 suis
1092 2584 1273 2672 ceutrifugis
1287 2584 1541 2662 destituerentur,

252 2717 347 2782 seque
367 2708 477 2759 mutuo
496 2694 741 2783 nonlfugerent:
765 2695 791 2763 si
812 2694 909 2762 ruodo
928 2695 1018 2765 fluidi
1039 2696 1085 2759 vis
1106 2694 1232 2767 elastica
1252 2716 1294 2765 ex
1315 2693 1542 2779 mrdculnrum

250 2802 367 2869 viribus
381 2802 561 2891 centrifugis
575 2803 702 2883 oriatur,
719 2814 751 2869 et
766 2802 912 2876 velocitas
926 2801 1007 2870 adesi
1021 2826 1136 2890 magna
1146 2804 1186 2871 sit
1194 2813 1230 2868 ut
1237 2802 1318 2868 vires
1328 2823 1392 2868 non
1399 2800 1542 2870 habent

250 2911 323 2976 satis
337 2909 486 2994 temporis
501 2910 541 2974 ad
556 2910 722 2998 agendum.
1344 2985 1347 3007 s
1493 2941 1497 2946 ·

295 3020 392 3084 Corol.
408 3009 439 3082 4.
474 3018 612 3084 Proinde
622 3017 694 3084 crim
705 3018 888 3084 resistentia
902 3017 1049 3084 similium
1063 3029 1094 3082 et
1108 3019 1342 3109 aeqnivelocium
1356 3038 1539 3102 corporum,

248 3123 281 3191 in
306 3123 410 3188 medio
431 3126 518 3209 cujus
539 3137 644 3207 partes
661 3125 815 3200 ‚distanus
836 3145 879 3190 se·
893 3137 1003 3189 mutuo
1023 3147 1089 3190 uon
1109 3124 1244 3212 firgiunt,
1271 3125 1305 3209 (¹)
1321 3124 1384 3189 sint
1403 3135 1440 3187 ut
1459 3147 1539 3211 qun·

247 3229 337 3296 drste
369 3229 608 3308 diametrorum
640 3245 712 3298 sunt
737 3233 830 3298 etiam
860 3233 1096 3319 equivelocium
1125 3245 1157 3303 et
1185 3232 1345 3300 celerrime
1377 3243 1539 3296 motorum

247 3361 414 3423 corporum
436 3341 618 3408 resistentie
640 3341 673 3406 in
693 3342 791 3408 fluido
813 3342 941 3409 elestico
961 3354 998 3408 ut
1017 3342 1169 3430 quadrata
1192 3340 1417 3407 diametrorum
1438 3336 1539 3427 qurim

244 3445 397 3530 proximis.

290 3555 387 3618 Corol.
404 3561 435 3618 5.
480 3553 523 3618 Et
544 3551 615 3618 otim
638 3577 770 3639 corpora
792 3557 913 3634 similia,
938 3557 1070 3643 aequelia
1090 3567 1122 3621 et
1142 3553 1350 3641 oequirelotia,
1374 3555 1407 3616 in
1421 3553 1536 3618 mediis

244 3658 383 3750 ejusdem
397 3658 566 3740 densitatis,
583 3682 716 3746 quorum
727 3663 889 3746 particulae
904 3685 937 3728 se
951 3675 1062 3729 mutrro
1071 3685 1136 3727 uon
1146 3663 1279 3750 fugiunt,
1295 3661 1535 3746 sisepartieulae

243 3769 306 3834 illae
320 3770 382 3834 sint
396 3770 501 3855 plures
516 3782 548 3834 et
561 3771 708 3849 minores,
725 3772 788 3835 sive
802 3773 966 3856 panciores
981 3784 1013 3836 et
1026 3774 1168 3858 majores,
1185 3773 1217 3834 in
1229 3772 1380 3856 aequalem
1390 3772 1535 3836 materias

243 3882 445 3967 quantitatem
475 3882 667 3967 temporibus
700 3884 872 3969 aequalibus
904 3881 1088 3968 impingant,
1126 3882 1216 3967 eique
1244 3879 1396 3966 aequalem
1423 3889 1534 3945 motus

241 4025 782 4152 silJdtt‘ltlt‘tttt'lttillm
817 4028 870 4092 (¹³¹
900 4026 1532 4142 iltmttidtittiisssstt‘ffl

254 4151 308 4224 ¹(⁸)
320 4155 333 4184 ⁴
346 4155 445 4203 Accedet
456 4156 559 4201 medium
571 4157 601 4208 B,
613 4155 655 4200 &u
693 4155 716 4202 si
733 4154 796 4202 enim
807 4155 871 4202 velo-
902 4107 1036 4203 resistendis
1046 4125 1531 4220 manenu'busoequslibnsqusmprorimd:

240 4221 320 4263 citatas
335 4230 460 4276 corporum
473 4217 533 4266 Det
546 4217 572 4272 F,
593 4233 664 4279 quarn
679 4219 780 4266 maxime
798 4234 870 4282 auge·
901 4219 956 4267 licet
966 4220 1037 4268 medii
1048 4221 1067 4267 C
1078 4221 1103 4265 in
1113 4235 1161 4280 quo
1170 4233 1255 4280 corpus
1267 4219 1412 4276 Fmoretun
1422 4218 1531 4279 porticin-

239 4285 322 4350 rsqtur
337 4279 396 4326 vires
407 4280 575 4340 particularum
591 4282 662 4328 medii
676 4283 704 4338 B,
722 4284 871 4330 manentibus
901 4283 1027 4332 lesuiribus
1036 4282 1172 4345 ceunifugis
1182 4298 1275 4344 promus
1284 4283 1445 4333 destinisnum
1475 4281 1529 4331 Pe

238 4342 326 4413 stulius
345 4343 416 4388 medii
430 4346 452 4390 A
464 4354 489 4391 et
500 4343 620 4394 velocitate
639 4347 741 4406 corporis
758 4347 780 4393 Ε
797 4361 868 4410 quem
900 4356 934 4394 tet
943 4348 1012 4394 etism
1018 4346 1155 4410 exsoquod
1166 4348 1427 4408 supponaturriresnon
1438 4347 1529 4394 habere

199 4428 202 4439 ·
237 4401 340 4477 maxime
356 4404 523 4464 decrescerent,
540 4407 786 4470 quieestsemporvis
796 4409 868 4456 medii
900 4409 1250 4473 sstistetnporisadagendum,
1267 4409 1477 4459 underesusredit
1492 4410 1528 4458 etl

239 4465 264 4514 A
275 4465 306 4540 ed
317 4481 364 4512 vrm
375 4469 446 4515 medii
460 4471 482 4517 B
494 4481 521 4518 ut
532 4473 671 4534 quadratum
683 4473 810 4520 velocitatis
816 4489 867 4520 ror-
900 4489 955 4522 eum
966 4475 1049 4536 inquo
1059 4474 1119 4521 vires
1129 4475 1176 4522 illo
1187 4475 1259 4522 nullre
1269 4484 1331 4522 sunt.

236 4543 300 4590 poris
312 4529 337 4576 D
348 4529 377 4578 ad
388 4532 529 4591 quadratum
541 4537 667 4584 velocitatis
677 4537 779 4598 corporis
791 4538 822 4584 Ε.
930 4537 961 4602 (¹)
974 4542 987 4569 ⁶
1000 4542 1052 4587 Sim
1067 4549 1094 4588 ut
1104 4543 1218 4602 quadrata
1228 4541 1399 4588 &moreau
1435 4536 1482 4584 l'er
1497 4543 1524 4585 2.

269 4593 334 4667 (ψ’
348 4596 500 4672 corollarium
516 4603 539 4644 ὅ.
577 4599 646 4646 Patet
663 4617 704 4660 per
725 4603 779 4648 Cor.
799 4607 820 4648 2.
840 4601 867 4648 in
897 4615 987 4662 partem
1002 4602 1063 4650 dem.
1085 4602 1154 4663 Ptop.
1173 4603 1251 4664 hujus,
1270 4605 1301 4650 ob
1318 4601 1383 4650 dnus
1399 4614 1527 4664 ooepmm

234 4671 284 4719 quo
294 4671 330 4704 us
335 4657 421 4718 T,qua
431 4660 552 4717 patenulis
567 4663 640 4710 medii
653 4665 676 4710 Α
688 4666 712 4712 iu
724 4680 772 4728 quo
782 4679 867 4726 corpus
898 4665 1031 4714 velocitates
1041 4675 1065 4714 et
1074 4667 1145 4715 medii
1153 4665 1292 4714 dmsitstem
1301 4665 1388 4714 dotent.
