<?xml version="1.0" encoding="UTF-8"?>
<!DOCTYPE html PUBLIC "-//W3C//DTD XHTML 1.0 Transitional//EN"
    "http://www.w3.org/TR/xhtml1/DTD/xhtml1-transitional.dtd">
<html xmlns="http://www.w3.org/1999/xhtml" xml:lang="en" lang="en">
 <head>
  <title>
</title>
<meta http-equiv="Content-Type" content="text/html;charset=utf-8" />
  <meta name='ocr-system' content='tesseract 3.04.00' />
  <meta name='ocr-capabilities' content='ocr_page ocr_carea ocr_par ocr_line ocrx_word'/>
</head>
<body>
  <div class='ocr_page' id='page_1' title='image "./philosophinatur06wriggoog_0306.png"; bbox 0 0 3275 5650; ppageno 0'>
   <div class='ocr_carea' id='block_1_1' title="bbox 85 412 1439 553">
    <p class='ocr_par' dir='ltr' id='par_1_1' title="bbox 85 412 1439 553">
     <span class='ocr_line' id='line_1_1' title="bbox 85 412 1439 553; baseline 0.01 -34"><span class='ocrx_word' id='word_1_1' title='bbox 85 454 198 519; x_wconf 61' lang='lat' dir='ltr'><strong>Lmen</strong></span> <span class='ocrx_word' id='word_1_2' title='bbox 216 452 384 535; x_wconf 62' lang='lat' dir='ltr'><strong>siccus]</strong></span> <span class='ocrx_word' id='word_1_3' title='bbox 433 453 675 553; x_wconf 71' lang='lat' dir='ltr'><strong>eniucqnt</strong></span> <span class='ocrx_word' id='word_1_4' title='bbox 704 412 1077 525; x_wconf 78' lang='lat' dir='ltr'><strong>Msrnnsmmcs.</strong></span> <span class='ocrx_word' id='word_1_5' title='bbox 1313 471 1378 533; x_wconf 75' lang='lat' dir='ltr'><strong>ser</strong></span> <span class='ocrx_word' id='word_1_6' title='bbox 1434 458 1439 469; x_wconf 86' lang='grc'><strong><em>’</em></strong></span> 
     </span>
    </p>
   </div>
   <div class='ocr_carea' id='block_1_2' title="bbox 85 624 1378 720">
    <p class='ocr_par' dir='ltr' id='par_1_2' title="bbox 85 624 1378 720">
     <span class='ocr_line' id='line_1_2' title="bbox 85 624 1378 720; baseline 0.01 -33"><span class='ocrx_word' id='word_1_7' title='bbox 85 648 207 715; x_wconf 83' lang='lat' dir='ltr'><strong>gressu.</strong></span> <span class='ocrx_word' id='word_1_8' title='bbox 253 625 338 689; x_wconf 84' lang='lat' dir='ltr'><strong>Num</strong></span> <span class='ocrx_word' id='word_1_9' title='bbox 354 624 469 689; x_wconf 79' lang='lat' dir='ltr'><strong>lineola</strong></span> <span class='ocrx_word' id='word_1_10' title='bbox 483 627 613 713; x_wconf 83' lang='lat' dir='ltr'><strong>physice</strong></span> <span class='ocrx_word' id='word_1_11' title='bbox 626 655 637 691; x_wconf 81' lang='grc' dir='ltr'>ι</span> <span class='ocrx_word' id='word_1_12' title='bbox 651 656 681 710; x_wconf 79' lang='lat'><strong>7,</strong></span> <span class='ocrx_word' id='word_1_13' title='bbox 697 632 928 715; x_wconf 80' lang='lat' dir='ltr'><strong>quamprimum</strong></span> <span class='ocrx_word' id='word_1_14' title='bbox 942 633 984 696; x_wconf 87' lang='lat' dir='ltr'><strong>od</strong></span> <span class='ocrx_word' id='word_1_15' title='bbox 998 633 1103 699; x_wconf 89' lang='lat' dir='ltr'><strong>locum</strong></span> <span class='ocrx_word' id='word_1_16' title='bbox 1125 656 1218 699; x_wconf 88' lang='lat' dir='ltr'><strong>suum</strong></span> <span class='ocrx_word' id='word_1_17' title='bbox 1240 637 1378 720; x_wconf 87' lang='lat' dir='ltr'><strong>primum</strong></span> 
     </span>
    </p>
   </div>
   <div class='ocr_carea' id='block_1_3' title="bbox 85 736 1474 827">
    <p class='ocr_par' dir='ltr' id='par_1_3' title="bbox 85 736 1474 827">
     <span class='ocr_line' id='line_1_3' title="bbox 85 736 1474 827; baseline 0.007 -29"><span class='ocrx_word' id='word_1_18' title='bbox 85 736 223 812; x_wconf 86' lang='lat' dir='ltr'><strong>redierit,</strong></span> <span class='ocrx_word' id='word_1_19' title='bbox 248 738 288 820; x_wconf 81' lang='lat'><em>(¹¹)</em></span> <span class='ocrx_word' id='word_1_20' title='bbox 304 737 460 822; x_wconf 88' lang='lat' dir='ltr'><strong>quiescet;</strong></span> <span class='ocrx_word' id='word_1_21' title='bbox 482 760 583 824; x_wconf 83' lang='lat' dir='ltr'><strong>neque</strong></span> <span class='ocrx_word' id='word_1_22' title='bbox 598 740 745 824; x_wconf 79' lang='lat' dir='ltr'>deinceps</span> <span class='ocrx_word' id='word_1_23' title='bbox 767 742 952 819; x_wconf 84' lang='lat' dir='ltr'>movebitur,</span> <span class='ocrx_word' id='word_1_24' title='bbox 974 742 1035 807; x_wconf 89' lang='lat' dir='ltr'><strong>nisi</strong></span> <span class='ocrx_word' id='word_1_25' title='bbox 1049 744 1100 807; x_wconf 85' lang='lat' dir='ltr'><strong>vel</strong></span> <span class='ocrx_word' id='word_1_26' title='bbox 1113 744 1155 807; x_wconf 86' lang='lat' dir='ltr'><strong>sb</strong></span> <span class='ocrx_word' id='word_1_27' title='bbox 1168 745 1287 827; x_wconf 89' lang='lat' dir='ltr'><strong>impetu</strong></span> <span class='ocrx_word' id='word_1_28' title='bbox 1308 768 1377 809; x_wconf 88' lang='lat' dir='ltr'><strong>cor-</strong></span> <span class='ocrx_word' id='word_1_29' title='bbox 1467 806 1474 819; x_wconf 79' lang='grc'><strong>,</strong></span> 
     </span>
    </p>
   </div>
   <div class='ocr_carea' id='block_1_4' title="bbox 84 842 1377 1041">
    <p class='ocr_par' dir='ltr' id='par_1_4' title="bbox 84 842 1377 1041">
     <span class='ocr_line' id='line_1_4' title="bbox 85 842 1375 937; baseline 0.005 -32"><span class='ocrx_word' id='word_1_30' title='bbox 85 842 169 925; x_wconf 90' lang='lat' dir='ltr'><strong>poris</strong></span> <span class='ocrx_word' id='word_1_31' title='bbox 185 842 322 918; x_wconf 86' lang='lat' dir='ltr'><strong>tremuli,</strong></span> <span class='ocrx_word' id='word_1_32' title='bbox 338 842 388 905; x_wconf 90' lang='lat' dir='ltr'><strong>vel</strong></span> <span class='ocrx_word' id='word_1_33' title='bbox 402 842 444 905; x_wconf 81' lang='lat' dir='ltr'><strong>eb</strong></span> <span class='ocrx_word' id='word_1_34' title='bbox 457 843 575 927; x_wconf 89' lang='lat' dir='ltr'><strong>impetu</strong></span> <span class='ocrx_word' id='word_1_35' title='bbox 590 846 739 928; x_wconf 88' lang='lat' dir='ltr'><strong>pulsuum</strong></span> <span class='ocrx_word' id='word_1_36' title='bbox 753 847 806 932; x_wconf 91' lang='lat' dir='ltr'><strong>qui</strong></span> <span class='ocrx_word' id='word_1_37' title='bbox 822 871 842 911; x_wconf 81' lang='lat' dir='ltr'><strong>a</strong></span> <span class='ocrx_word' id='word_1_38' title='bbox 856 870 989 931; x_wconf 85' lang='lat' dir='ltr'><strong>corpore</strong></span> <span class='ocrx_word' id='word_1_39' title='bbox 1002 850 1137 913; x_wconf 89' lang='lat' dir='ltr'><strong>tremulo</strong></span> <span class='ocrx_word' id='word_1_40' title='bbox 1151 864 1375 937; x_wconf 81' lang='lat' dir='ltr'><strong>propaguntur,</strong></span> 
     </span>
     <span class='ocr_line' id='line_1_5' title="bbox 84 948 1377 1041; baseline 0.009 -31"><span class='ocrx_word' id='word_1_41' title='bbox 84 961 171 1011; x_wconf 87' lang='lat' dir='ltr'><strong>motu</strong></span> <span class='ocrx_word' id='word_1_42' title='bbox 187 970 272 1011; x_wconf 89' lang='lat' dir='ltr'><strong>novo</strong></span> <span class='ocrx_word' id='word_1_43' title='bbox 293 948 420 1012; x_wconf 72' lang='lat' dir='ltr'><strong>dentur.</strong></span> <span class='ocrx_word' id='word_1_44' title='bbox 465 950 615 1025; x_wconf 87' lang='lat' dir='ltr'><strong>Quiescet</strong></span> <span class='ocrx_word' id='word_1_45' title='bbox 635 952 731 1039; x_wconf 87' lang='lat' dir='ltr'><strong>igitur</strong></span> <span class='ocrx_word' id='word_1_46' title='bbox 752 954 983 1039; x_wconf 83' lang='lat' dir='ltr'><strong>quamprimum</strong></span> <span class='ocrx_word' id='word_1_47' title='bbox 1004 956 1112 1039; x_wconf 86' lang='lat' dir='ltr'><strong>pulsus</strong></span> <span class='ocrx_word' id='word_1_48' title='bbox 1127 980 1147 1021; x_wconf 85' lang='lat' dir='ltr'><strong>s</strong></span> <span class='ocrx_word' id='word_1_49' title='bbox 1161 978 1293 1041; x_wconf 89' lang='lat' dir='ltr'><strong>corpore</strong></span> <span class='ocrx_word' id='word_1_50' title='bbox 1315 970 1377 1021; x_wconf 88' lang='lat' dir='ltr'><strong>tre-</strong></span> 
     </span>
    </p>
   </div>
   <div class='ocr_carea' id='block_1_5' title="bbox 84 1058 522 1170">
    <p class='ocr_par' dir='ltr' id='par_1_5' title="bbox 84 1058 522 1170">
     <span class='ocr_line' id='line_1_6' title="bbox 84 1058 522 1170; baseline 0.014 -51"><span class='ocrx_word' id='word_1_51' title='bbox 84 1058 172 1120; x_wconf 89' lang='lat' dir='ltr'><strong>mulo</strong></span> <span class='ocrx_word' id='word_1_52' title='bbox 184 1058 353 1170; x_wconf 77' lang='lat' dir='ltr'><strong>prrrpsgnri</strong></span> <span class='ocrx_word' id='word_1_53' title='bbox 368 1058 522 1125; x_wconf 86' lang='lat' dir='ltr'><strong>desinunt.</strong></span> 
     </span>
    </p>
   </div>
   <div class='ocr_carea' id='block_1_6' title="bbox 214 1332 1237 1433">
    <p class='ocr_par' dir='ltr' id='par_1_6' title="bbox 214 1332 1237 1433">
     <span class='ocr_line' id='line_1_7' title="bbox 214 1332 1237 1433; baseline 0.004 -34"><span class='ocrx_word' id='word_1_54' title='bbox 214 1332 501 1400; x_wconf 88' lang='lat' dir='ltr'>PROPOSITIO</span> <span class='ocrx_word' id='word_1_55' title='bbox 524 1334 688 1401; x_wconf 89' lang='lat' dir='ltr'>XLVIII.</span> <span class='ocrx_word' id='word_1_56' title='bbox 736 1335 1009 1400; x_wconf 87' lang='lat' dir='ltr'><strong>THEOREMA</strong></span> <span class='ocrx_word' id='word_1_57' title='bbox 1033 1336 1237 1433; x_wconf 86' lang='lat' dir='ltr'>XXXVIII.</span> 
     </span>
    </p>
   </div>
   <div class='ocr_carea' id='block_1_7' title="bbox 29 1508 1373 1909">
    <p class='ocr_par' dir='ltr' id='par_1_7' title="bbox 29 1508 1373 1909">
     <span class='ocr_line' id='line_1_8' title="bbox 79 1508 1373 1595; baseline 0.005 -25"><span class='ocrx_word' id='word_1_58' title='bbox 79 1508 225 1570; x_wconf 72' lang='lat' dir='ltr'><strong>Pulmone</strong></span> <span class='ocrx_word' id='word_1_59' title='bbox 247 1508 281 1569; x_wconf 86' lang='lat' dir='ltr'><strong>in</strong></span> <span class='ocrx_word' id='word_1_60' title='bbox 290 1508 397 1592; x_wconf 82' lang='lat' dir='ltr'><strong>fluido</strong></span> <span class='ocrx_word' id='word_1_61' title='bbox 411 1509 532 1570; x_wconf 87' lang='lat' dir='ltr'><strong>elostico</strong></span> <span class='ocrx_word' id='word_1_62' title='bbox 548 1520 787 1592; x_wconf 73' lang='lat' dir='ltr'><strong>propagatorum</strong></span> <span class='ocrx_word' id='word_1_63' title='bbox 802 1512 972 1573; x_wconf 82' lang='lat' dir='ltr'><em>velocitates</em></span> <span class='ocrx_word' id='word_1_64' title='bbox 985 1521 1054 1573; x_wconf 85' lang='lat' dir='ltr'><strong>sunt</strong></span> <span class='ocrx_word' id='word_1_65' title='bbox 1074 1513 1108 1573; x_wconf 85' lang='lat' dir='ltr'><strong>in</strong></span> <span class='ocrx_word' id='word_1_66' title='bbox 1122 1515 1243 1575; x_wconf 84' lang='lat' dir='ltr'><strong>ratione</strong></span> <span class='ocrx_word' id='word_1_67' title='bbox 1256 1534 1373 1595; x_wconf 66' lang='lat' dir='ltr'><strong>compo</strong></span> 
     </span>
     <span class='ocr_line' id='line_1_9' title="bbox 29 1610 1373 1698; baseline 0.006 -23"><span class='ocrx_word' id='word_1_68' title='bbox 29 1610 32 1616; x_wconf 80' lang='grc'>’</span> <span class='ocrx_word' id='word_1_69' title='bbox 121 1612 183 1675; x_wconf 71' lang='lat' dir='ltr'><strong>sitsi</strong></span> <span class='ocrx_word' id='word_1_70' title='bbox 198 1634 236 1673; x_wconf 77' lang='lat' dir='ltr'><strong>ex</strong></span> <span class='ocrx_word' id='word_1_71' title='bbox 249 1612 457 1694; x_wconf 77' lang='lat' dir='ltr'><strong>subduplicotci</strong></span> <span class='ocrx_word' id='word_1_72' title='bbox 479 1616 599 1677; x_wconf 83' lang='lat' dir='ltr'><strong>ratione</strong></span> <span class='ocrx_word' id='word_1_73' title='bbox 619 1618 664 1679; x_wconf 84' lang='lat' dir='ltr'><strong>vis</strong></span> <span class='ocrx_word' id='word_1_74' title='bbox 685 1618 817 1679; x_wconf 81' lang='lat' dir='ltr'><strong>elosticae</strong></span> <span class='ocrx_word' id='word_1_75' title='bbox 837 1613 952 1678; x_wconf 77' lang='lat' dir='ltr'><strong>directi</strong></span> <span class='ocrx_word' id='word_1_76' title='bbox 971 1626 1001 1678; x_wconf 88' lang='lat' dir='ltr'><strong>et</strong></span> <span class='ocrx_word' id='word_1_77' title='bbox 1022 1617 1231 1698; x_wconf 77' lang='lat' dir='ltr'><strong>subduplicatri</strong></span> <span class='ocrx_word' id='word_1_78' title='bbox 1251 1624 1373 1683; x_wconf 82' lang='lat' dir='ltr'><strong>ratione</strong></span> 
     </span>
     <span class='ocr_line' id='line_1_10' title="bbox 121 1716 1371 1816; baseline 0.007 -36"><span class='ocrx_word' id='word_1_79' title='bbox 121 1719 283 1781; x_wconf 79' lang='lat' dir='ltr'><em>densitatis</em></span> <span class='ocrx_word' id='word_1_80' title='bbox 305 1716 442 1791; x_wconf 60' lang='grc' dir='ltr'><strong>ἰηυθνεὲ,ο</strong></span> <span class='ocrx_word' id='word_1_81' title='bbox 465 1721 493 1783; x_wconf 84' lang='lat' dir='ltr'><strong>si</strong></span> <span class='ocrx_word' id='word_1_82' title='bbox 507 1722 594 1783; x_wconf 86' lang='lat' dir='ltr'><strong>modo</strong></span> <span class='ocrx_word' id='word_1_83' title='bbox 594 1722 696 1807; x_wconf 84' lang='lat' dir='ltr'><strong>fluidi</strong></span> <span class='ocrx_word' id='word_1_84' title='bbox 710 1725 754 1816; x_wconf 76' lang='lat' dir='ltr'><strong>nis</strong></span> <span class='ocrx_word' id='word_1_85' title='bbox 769 1725 894 1785; x_wconf 84' lang='lat' dir='ltr'><strong>elosticc</strong></span> <span class='ocrx_word' id='word_1_86' title='bbox 908 1720 1034 1804; x_wconf 65' lang='lat' dir='ltr'><strong>ejusdem</strong></span> <span class='ocrx_word' id='word_1_87' title='bbox 1049 1725 1278 1788; x_wconf 81' lang='lat' dir='ltr'><strong>condensatiooi</strong></span> <span class='ocrx_word' id='word_1_88' title='bbox 1293 1747 1371 1807; x_wconf 81' lang='lat' dir='ltr'><strong>pro·</strong></span> 
     </span>
     <span class='ocr_line' id='line_1_11' title="bbox 113 1828 585 1909; baseline 0.008 -21"><span class='ocrx_word' id='word_1_89' title='bbox 113 1828 303 1909; x_wconf 80' lang='lat' dir='ltr'><em>portionalis</em></span> <span class='ocrx_word' id='word_1_90' title='bbox 318 1848 378 1891; x_wconf 86' lang='lat' dir='ltr'><strong>esse</strong></span> <span class='ocrx_word' id='word_1_91' title='bbox 390 1839 585 1909; x_wconf 72' lang='lat' dir='ltr'><strong>simponotur.</strong></span> 
     </span>
    </p>
   </div>
   <div class='ocr_carea' id='block_1_8' title="bbox 77 1998 1456 2305">
    <p class='ocr_par' dir='ltr' id='par_1_8' title="bbox 77 1998 1456 2305">
     <span class='ocr_line' id='line_1_12' title="bbox 120 1998 1368 2089; baseline 0.006 -28"><span class='ocrx_word' id='word_1_92' title='bbox 120 2000 192 2089; x_wconf 52' lang='lat' dir='ltr'><strong>Cos,</strong></span> <span class='ocrx_word' id='word_1_93' title='bbox 208 2008 237 2062; x_wconf 92' lang='lat'><strong>1.</strong></span> <span class='ocrx_word' id='word_1_94' title='bbox 262 1999 296 2063; x_wconf 85' lang='lat' dir='ltr'><strong>si</strong></span> <span class='ocrx_word' id='word_1_95' title='bbox 310 1998 413 2065; x_wconf 87' lang='lat' dir='ltr'><strong>medin</strong></span> <span class='ocrx_word' id='word_1_96' title='bbox 428 2000 490 2065; x_wconf 90' lang='lat' dir='ltr'><strong>sint</strong></span> <span class='ocrx_word' id='word_1_97' title='bbox 503 2000 709 2088; x_wconf 84' lang='lat' dir='ltr'><strong>homogeneu,</strong></span> <span class='ocrx_word' id='word_1_98' title='bbox 731 2015 762 2065; x_wconf 88' lang='lat' dir='ltr'><strong>et</strong></span> <span class='ocrx_word' id='word_1_99' title='bbox 782 2002 930 2085; x_wconf 89' lang='lat' dir='ltr'><strong>pulsuum</strong></span> <span class='ocrx_word' id='word_1_100' title='bbox 952 2002 1108 2067; x_wconf 67' lang='lat' dir='ltr'><strong>distentius</strong></span> <span class='ocrx_word' id='word_1_101' title='bbox 1129 2002 1163 2066; x_wconf 92' lang='lat' dir='ltr'><strong>in</strong></span> <span class='ocrx_word' id='word_1_102' title='bbox 1183 2002 1233 2067; x_wconf 90' lang='lat' dir='ltr'><strong>his</strong></span> <span class='ocrx_word' id='word_1_103' title='bbox 1256 2006 1368 2068; x_wconf 90' lang='lat' dir='ltr'><strong>mediis</strong></span> 
     </span>
     <span class='ocr_line' id='line_1_13' title="bbox 78 2105 1369 2189; baseline 0.007 -22"><span class='ocrx_word' id='word_1_104' title='bbox 78 2116 240 2189; x_wconf 74' lang='lat' dir='ltr'><strong>sequentur</strong></span> <span class='ocrx_word' id='word_1_105' title='bbox 254 2105 336 2167; x_wconf 90' lang='lat' dir='ltr'><strong>inter</strong></span> <span class='ocrx_word' id='word_1_106' title='bbox 351 2128 394 2183; x_wconf 89' lang='lat' dir='ltr'><strong>se,</strong></span> <span class='ocrx_word' id='word_1_107' title='bbox 410 2106 466 2169; x_wconf 88' lang='lat' dir='ltr'><strong>sed</strong></span> <span class='ocrx_word' id='word_1_108' title='bbox 481 2119 583 2170; x_wconf 90' lang='lat' dir='ltr'><strong>motus</strong></span> <span class='ocrx_word' id='word_1_109' title='bbox 598 2107 631 2169; x_wconf 88' lang='lat' dir='ltr'><strong>in</strong></span> <span class='ocrx_word' id='word_1_110' title='bbox 647 2128 711 2175; x_wconf 89' lang='lat' dir='ltr'><strong>uno</strong></span> <span class='ocrx_word' id='word_1_111' title='bbox 725 2108 831 2171; x_wconf 88' lang='lat' dir='ltr'><strong>medio</strong></span> <span class='ocrx_word' id='word_1_112' title='bbox 846 2109 998 2171; x_wconf 87' lang='lat' dir='ltr'><strong>intensior</strong></span> <span class='ocrx_word' id='word_1_113' title='bbox 1013 2109 1070 2172; x_wconf 74' lang='lat' dir='ltr'><strong>site</strong></span> <span class='ocrx_word' id='word_1_114' title='bbox 1094 2112 1321 2175; x_wconf 82' lang='lat' dir='ltr'><strong>contractiones</strong></span> <span class='ocrx_word' id='word_1_115' title='bbox 1336 2123 1369 2176; x_wconf 90' lang='lat' dir='ltr'><strong>et</strong></span> 
     </span>
     <span class='ocr_line' id='line_1_14' title="bbox 77 2186 1456 2305; baseline 0.008 -33"><span class='ocrx_word' id='word_1_116' title='bbox 77 2186 272 2273; x_wconf 69' lang='lat' dir='ltr'><strong>dilatittiones</strong></span> <span class='ocrx_word' id='word_1_117' title='bbox 285 2212 421 2295; x_wconf 84' lang='lat' dir='ltr'><strong>portium</strong></span> <span class='ocrx_word' id='word_1_118' title='bbox 436 2212 638 2301; x_wconf 81' lang='lat' dir='ltr'><strong>anelogerum</strong></span> <span class='ocrx_word' id='word_1_119' title='bbox 654 2217 694 2298; x_wconf 87' lang='lat'><strong>(⁰)</strong></span> <span class='ocrx_word' id='word_1_120' title='bbox 711 2227 804 2279; x_wconf 91' lang='lat' dir='ltr'><strong>erunt</strong></span> <span class='ocrx_word' id='word_1_121' title='bbox 818 2228 854 2278; x_wconf 87' lang='lat' dir='ltr'><strong>ut</strong></span> <span class='ocrx_word' id='word_1_122' title='bbox 867 2214 963 2279; x_wconf 88' lang='lat' dir='ltr'><strong>iidem</strong></span> <span class='ocrx_word' id='word_1_123' title='bbox 978 2228 1092 2281; x_wconf 85' lang='lat' dir='ltr'><strong>motus.</strong></span> <span class='ocrx_word' id='word_1_124' title='bbox 1130 2218 1288 2283; x_wconf 84' lang='lat' dir='ltr'><strong>Accuratn</strong></span> <span class='ocrx_word' id='word_1_125' title='bbox 1299 2220 1369 2305; x_wconf 88' lang='lat' dir='ltr'><strong>qui·</strong></span> <span class='ocrx_word' id='word_1_126' title='bbox 1454 2212 1456 2217; x_wconf 61' lang='grc'><strong>’</strong></span> 
     </span>
    </p>
   </div>
   <div class='ocr_carea' id='block_1_9' title="bbox 73 2402 1369 3678">
    <p class='ocr_par' dir='ltr' id='par_1_9' title="bbox 75 2402 1369 2979">
     <span class='ocr_line' id='line_1_15' title="bbox 108 2402 1369 2470; baseline 0.005 -20"><span class='ocrx_word' id='word_1_127' title='bbox 108 2402 143 2465; x_wconf 81' lang='lat'><strong>(¹¹)</strong></span> <span class='ocrx_word' id='word_1_128' title='bbox 164 2406 177 2433; x_wconf 78' lang='lat'>⁸</span> <span class='ocrx_word' id='word_1_129' title='bbox 200 2405 317 2457; x_wconf 67' lang='lat' dir='ltr'><strong>Quiescets</strong></span> <span class='ocrx_word' id='word_1_130' title='bbox 345 2420 420 2465; x_wconf 65' lang='lat' dir='ltr'><strong>nequae</strong></span> <span class='ocrx_word' id='word_1_131' title='bbox 441 2406 544 2466; x_wconf 82' lang='lat' dir='ltr'><strong>deinceps</strong></span> <span class='ocrx_word' id='word_1_132' title='bbox 567 2407 701 2453; x_wconf 80' lang='lat' dir='ltr'><strong>movebitur.</strong></span> <span class='ocrx_word' id='word_1_133' title='bbox 739 2403 772 2451; x_wconf 87' lang='lat' dir='ltr'><strong>mi</strong></span> <span class='ocrx_word' id='word_1_134' title='bbox 783 2404 807 2451; x_wconf 87' lang='lat' dir='ltr'><strong>iu</strong></span> <span class='ocrx_word' id='word_1_135' title='bbox 818 2420 857 2451; x_wconf 82' lang='lat' dir='ltr'><strong>ess</strong></span> <span class='ocrx_word' id='word_1_136' title='bbox 867 2402 1067 2468; x_wconf 68' lang='lat' dir='ltr'><strong>pertes&#39;aliquotss</strong></span> <span class='ocrx_word' id='word_1_137' title='bbox 1079 2406 1151 2454; x_wconf 84' lang='lat' dir='ltr'><strong>dividi</strong></span> <span class='ocrx_word' id='word_1_138' title='bbox 1160 2408 1250 2468; x_wconf 82' lang='lat' dir='ltr'><strong>possim</strong></span> <span class='ocrx_word' id='word_1_139' title='bbox 1258 2423 1311 2470; x_wconf 81' lang='lat' dir='ltr'><strong>quae</strong></span> <span class='ocrx_word' id='word_1_140' title='bbox 1321 2410 1369 2456; x_wconf 87' lang='lat' dir='ltr'><strong>sint</strong></span> 
     </span>
     <span class='ocr_line' id='line_1_16' title="bbox 78 2466 1367 2538; baseline 0.006 -27"><span class='ocrx_word' id='word_1_141' title='bbox 78 2466 259 2525; x_wconf 68' lang='lat' dir='ltr'><strong>Quamprimum</strong></span> <span class='ocrx_word' id='word_1_142' title='bbox 270 2466 355 2514; x_wconf 74' lang='lat' dir='ltr'><strong>lineola</strong></span> <span class='ocrx_word' id='word_1_143' title='bbox 363 2468 623 2530; x_wconf 67' lang='lat' dir='ltr'><strong>physIcssysdlocum</strong></span> <span class='ocrx_word' id='word_1_144' title='bbox 631 2484 702 2516; x_wconf 88' lang='lat' dir='ltr'><strong>suum</strong></span> <span class='ocrx_word' id='word_1_145' title='bbox 738 2469 875 2516; x_wconf 83' lang='lat' dir='ltr'><strong>intersesd</strong></span> <span class='ocrx_word' id='word_1_146' title='bbox 887 2469 1021 2525; x_wconf 82' lang='lat' dir='ltr'><strong>unisonum,</strong></span> <span class='ocrx_word' id='word_1_147' title='bbox 1038 2481 1079 2517; x_wconf 80' lang='lat' dir='ltr'><strong>sut</strong></span> <span class='ocrx_word' id='word_1_148' title='bbox 1094 2471 1158 2531; x_wconf 90' lang='lat' dir='ltr'><strong>qnod</strong></span> <span class='ocrx_word' id='word_1_149' title='bbox 1175 2472 1236 2517; x_wconf 88' lang='lat' dir='ltr'><strong>idem</strong></span> <span class='ocrx_word' id='word_1_150' title='bbox 1254 2482 1296 2528; x_wconf 87' lang='lat' dir='ltr'><strong>est,</strong></span> <span class='ocrx_word' id='word_1_151' title='bbox 1313 2488 1367 2538; x_wconf 76' lang='lat' dir='ltr'><strong>quse</strong></span> 
     </span>
     <span class='ocr_line' id='line_1_17' title="bbox 75 2530 1367 2595; baseline 0.005 -19"><span class='ocrx_word' id='word_1_152' title='bbox 75 2531 176 2591; x_wconf 81' lang='lat' dir='ltr'><strong>primum</strong></span> <span class='ocrx_word' id='word_1_153' title='bbox 188 2530 286 2583; x_wconf 86' lang='lat' dir='ltr'><strong>redierit,</strong></span> <span class='ocrx_word' id='word_1_154' title='bbox 304 2531 377 2589; x_wconf 86' lang='lat' dir='ltr'><strong>ipsius</strong></span> <span class='ocrx_word' id='word_1_155' title='bbox 388 2531 495 2577; x_wconf 74' lang='lat' dir='ltr'><strong>velocitas</strong></span> <span class='ocrx_word' id='word_1_156' title='bbox 506 2547 576 2593; x_wconf 79' lang='lat' dir='ltr'><strong>quum</strong></span> <span class='ocrx_word' id='word_1_157' title='bbox 588 2531 701 2589; x_wconf 74' lang='lat' dir='ltr'><strong>ordInsts,</strong></span> <span class='ocrx_word' id='word_1_158' title='bbox 738 2532 876 2579; x_wconf 74' lang='lat' dir='ltr'><strong>vibrationes</strong></span> <span class='ocrx_word' id='word_1_159' title='bbox 887 2532 1019 2579; x_wconf 82' lang='lat' dir='ltr'><strong>isochrones</strong></span> <span class='ocrx_word' id='word_1_160' title='bbox 1030 2543 1149 2595; x_wconf 79' lang='lat' dir='ltr'><strong>peragunt,</strong></span> <span class='ocrx_word' id='word_1_161' title='bbox 1161 2536 1276 2580; x_wconf 83' lang='lat' dir='ltr'><strong>ethorum</strong></span> <span class='ocrx_word' id='word_1_162' title='bbox 1285 2552 1367 2583; x_wconf 85' lang='lat' dir='ltr'><strong>nervo-</strong></span> 
     </span>
     <span class='ocr_line' id='line_1_18' title="bbox 75 2594 1367 2657; baseline 0.006 -17"><span class='ocrx_word' id='word_1_163' title='bbox 75 2596 124 2649; x_wconf 90' lang='lat' dir='ltr'><strong>mi,</strong></span> <span class='ocrx_word' id='word_1_164' title='bbox 145 2610 237 2653; x_wconf 84' lang='lat' dir='ltr'><strong>semper</strong></span> <span class='ocrx_word' id='word_1_165' title='bbox 252 2594 348 2654; x_wconf 81' lang='lat' dir='ltr'><strong>exponit</strong></span> <span class='ocrx_word' id='word_1_166' title='bbox 364 2595 449 2657; x_wconf 85' lang='lat' dir='ltr'><strong>(Prop.</strong></span> <span class='ocrx_word' id='word_1_167' title='bbox 467 2594 630 2642; x_wconf 84' lang='lat' dir='ltr'>XXXVIII.</span> <span class='ocrx_word' id='word_1_168' title='bbox 650 2596 705 2643; x_wconf 89' lang='lat' dir='ltr'><strong>Lib.</strong></span> <span class='ocrx_word' id='word_1_169' title='bbox 739 2610 791 2641; x_wconf 91' lang='lat' dir='ltr'><strong>rum</strong></span> <span class='ocrx_word' id='word_1_170' title='bbox 808 2611 871 2642; x_wconf 87' lang='lat' dir='ltr'><strong>unus</strong></span> <span class='ocrx_word' id='word_1_171' title='bbox 887 2596 992 2655; x_wconf 80' lang='lat' dir='ltr'><strong>pulsetur</strong></span> <span class='ocrx_word' id='word_1_172' title='bbox 1007 2610 1140 2657; x_wconf 89' lang='lat' dir='ltr'><strong>sonumque</strong></span> <span class='ocrx_word' id='word_1_173' title='bbox 1156 2596 1218 2655; x_wconf 81' lang='lat' dir='ltr'><strong>edet,</strong></span> <span class='ocrx_word' id='word_1_174' title='bbox 1238 2600 1302 2643; x_wconf 88' lang='lat' dir='ltr'><strong>nervi</strong></span> <span class='ocrx_word' id='word_1_175' title='bbox 1318 2600 1367 2648; x_wconf 90' lang='lat' dir='ltr'><strong>duo</strong></span> 
     </span>
     <span class='ocr_line' id='line_1_19' title="bbox 78 2658 1368 2720; baseline 0.005 -15"><span class='ocrx_word' id='word_1_176' title='bbox 78 2658 112 2719; x_wconf 88' lang='lat'><strong>1.)</strong></span> <span class='ocrx_word' id='word_1_177' title='bbox 131 2659 299 2719; x_wconf 74' lang='lat' dir='ltr'><strong>extingrretur3</strong></span> <span class='ocrx_word' id='word_1_178' title='bbox 322 2667 346 2705; x_wconf 89' lang='lat' dir='ltr'><strong>et</strong></span> <span class='ocrx_word' id='word_1_179' title='bbox 364 2658 468 2719; x_wconf 84' lang='lat' dir='ltr'><strong>ejusdem</strong></span> <span class='ocrx_word' id='word_1_180' title='bbox 491 2658 583 2705; x_wconf 76' lang='lat' dir='ltr'><strong>lineolae</strong></span> <span class='ocrx_word' id='word_1_181' title='bbox 604 2659 707 2707; x_wconf 75' lang='lat' dir='ltr'><strong>densitas</strong></span> <span class='ocrx_word' id='word_1_182' title='bbox 740 2660 824 2705; x_wconf 89' lang='lat' dir='ltr'><strong>sesein</strong></span> <span class='ocrx_word' id='word_1_183' title='bbox 840 2669 917 2719; x_wconf 77' lang='lat' dir='ltr'><strong>partes</strong></span> <span class='ocrx_word' id='word_1_184' title='bbox 932 2675 986 2706; x_wconf 84' lang='lat' dir='ltr'><strong>suns</strong></span> <span class='ocrx_word' id='word_1_185' title='bbox 1001 2660 1115 2720; x_wconf 80' lang='lat' dir='ltr'><strong>sIIquotus</strong></span> <span class='ocrx_word' id='word_1_186' title='bbox 1131 2660 1204 2706; x_wconf 82' lang='lat' dir='ltr'><strong>veluti</strong></span> <span class='ocrx_word' id='word_1_187' title='bbox 1219 2659 1323 2709; x_wconf 84' lang='lat' dir='ltr'><strong>divident</strong></span> <span class='ocrx_word' id='word_1_188' title='bbox 1339 2674 1368 2711; x_wconf 88' lang='lat' dir='ltr'><strong>ut</strong></span> 
     </span>
     <span class='ocr_line' id='line_1_20' title="bbox 76 2721 1366 2784; baseline 0.005 -17"><span class='ocrx_word' id='word_1_189' title='bbox 76 2722 154 2783; x_wconf 85' lang='lat' dir='ltr'><strong>risque</strong></span> <span class='ocrx_word' id='word_1_190' title='bbox 173 2721 267 2769; x_wconf 82' lang='lat' dir='ltr'><strong>elestics</strong></span> <span class='ocrx_word' id='word_1_191' title='bbox 286 2723 367 2769; x_wconf 86' lang='lat' dir='ltr'><strong>ecdem</strong></span> <span class='ocrx_word' id='word_1_192' title='bbox 385 2722 428 2768; x_wconf 87' lang='lat' dir='ltr'><strong>erit</strong></span> <span class='ocrx_word' id='word_1_193' title='bbox 444 2737 498 2769; x_wconf 90' lang='lat' dir='ltr'><strong>cum</strong></span> <span class='ocrx_word' id='word_1_194' title='bbox 515 2722 627 2770; x_wconf 83' lang='lat' dir='ltr'><strong>densitete</strong></span> <span class='ocrx_word' id='word_1_195' title='bbox 643 2733 668 2771; x_wconf 81' lang='lat' dir='ltr'><strong>et</strong></span> <span class='ocrx_word' id='word_1_196' title='bbox 683 2724 706 2770; x_wconf 88' lang='lat' dir='ltr'><strong>ri</strong></span> <span class='ocrx_word' id='word_1_197' title='bbox 740 2721 769 2768; x_wconf 83' lang='lat' dir='ltr'><strong>sd</strong></span> <span class='ocrx_word' id='word_1_198' title='bbox 782 2722 910 2770; x_wconf 83' lang='lat' dir='ltr'><strong>unisonum</strong></span> <span class='ocrx_word' id='word_1_199' title='bbox 925 2722 1073 2769; x_wconf 85' lang='lat' dir='ltr'><strong>reducuntur.</strong></span> <span class='ocrx_word' id='word_1_200' title='bbox 1111 2723 1288 2784; x_wconf 86' lang='lat' dir='ltr'><strong>Utsiejusdem</strong></span> <span class='ocrx_word' id='word_1_201' title='bbox 1300 2729 1366 2773; x_wconf 82' lang='lat' dir='ltr'><strong>nervi</strong></span> 
     </span>
     <span class='ocr_line' id='line_1_21' title="bbox 75 2784 1366 2850; baseline 0.005 -18"><span class='ocrx_word' id='word_1_202' title='bbox 75 2785 168 2842; x_wconf 67' lang='lat' dir='ltr'><strong>elmtict</strong></span> <span class='ocrx_word' id='word_1_203' title='bbox 186 2786 257 2846; x_wconf 85' lang='lat' dir='ltr'><strong>partis</strong></span> <span class='ocrx_word' id='word_1_204' title='bbox 275 2786 336 2834; x_wconf 87' lang='lat' dir='ltr'><strong>EG</strong></span> <span class='ocrx_word' id='word_1_205' title='bbox 351 2784 423 2832; x_wconf 87' lang='lat' dir='ltr'><strong>medii</strong></span> <span class='ocrx_word' id='word_1_206' title='bbox 433 2786 587 2849; x_wconf 79' lang='lat' dir='ltr'><strong>quiescentis3</strong></span> <span class='ocrx_word' id='word_1_207' title='bbox 604 2785 705 2850; x_wconf 77' lang='lat' dir='ltr'><strong>ideoque</strong></span> <span class='ocrx_word' id='word_1_208' title='bbox 739 2787 861 2848; x_wconf 79' lang='lat' dir='ltr'><strong>capiuntur</strong></span> <span class='ocrx_word' id='word_1_209' title='bbox 877 2796 952 2847; x_wconf 75' lang='lat' dir='ltr'><strong>partes</strong></span> <span class='ocrx_word' id='word_1_210' title='bbox 962 2786 1017 2834; x_wconf 78' lang='lat' dir='ltr'><strong>dure</strong></span> <span class='ocrx_word' id='word_1_211' title='bbox 1027 2802 1126 2848; x_wconf 84' lang='lat' dir='ltr'><strong>quarum</strong></span> <span class='ocrx_word' id='word_1_212' title='bbox 1137 2787 1167 2834; x_wconf 87' lang='lat' dir='ltr'><strong>sir</strong></span> <span class='ocrx_word' id='word_1_213' title='bbox 1177 2788 1236 2835; x_wconf 86' lang='lat' dir='ltr'><strong>mtio</strong></span> <span class='ocrx_word' id='word_1_214' title='bbox 1247 2794 1262 2836; x_wconf 75' lang='lat'>2</span> <span class='ocrx_word' id='word_1_215' title='bbox 1273 2788 1329 2836; x_wconf 78' lang='lat' dir='ltr'><strong>ads</strong></span> <span class='ocrx_word' id='word_1_216' title='bbox 1341 2802 1366 2840; x_wconf 87' lang='lat' dir='ltr'><strong>et</strong></span> 
     </span>
     <span class='ocr_line' id='line_1_22' title="bbox 75 2849 1365 2913; baseline 0.005 -17"><span class='ocrx_word' id='word_1_217' title='bbox 75 2851 184 2912; x_wconf 86' lang='lat' dir='ltr'><strong>quiescet,</strong></span> <span class='ocrx_word' id='word_1_218' title='bbox 204 2851 246 2897; x_wconf 79' lang='lat' dir='ltr'><strong>&amp;n</strong></span> <span class='ocrx_word' id='word_1_219' title='bbox 282 2854 296 2882; x_wconf 77' lang='lat'><em>*</em></span> <span class='ocrx_word' id='word_1_220' title='bbox 311 2849 341 2897; x_wconf 88' lang='lat' dir='ltr'><strong>Id</strong></span> <span class='ocrx_word' id='word_1_221' title='bbox 361 2849 433 2911; x_wconf 87' lang='lat' dir='ltr'><strong>liquet</strong></span> <span class='ocrx_word' id='word_1_222' title='bbox 449 2865 477 2896; x_wconf 85' lang='lat' dir='ltr'><strong>ex</strong></span> <span class='ocrx_word' id='word_1_223' title='bbox 489 2866 513 2897; x_wconf 85' lang='lat' dir='ltr'><strong>n.</strong></span> <span class='ocrx_word' id='word_1_224' title='bbox 528 2856 566 2898; x_wconf 73' lang='lat'><strong>20.</strong></span> <span class='ocrx_word' id='word_1_225' title='bbox 580 2851 705 2899; x_wconf 76' lang='lat' dir='ltr'><strong>additIonis</strong></span> <span class='ocrx_word' id='word_1_226' title='bbox 738 2851 858 2911; x_wconf 84' lang='lat' dir='ltr'><strong>oequsliter</strong></span> <span class='ocrx_word' id='word_1_227' title='bbox 870 2851 1003 2907; x_wconf 83' lang='lat' dir='ltr'><strong>tendentur,</strong></span> <span class='ocrx_word' id='word_1_228' title='bbox 1014 2852 1131 2913; x_wconf 70' lang='lat' dir='ltr'><strong>alteroque</strong></span> <span class='ocrx_word' id='word_1_229' title='bbox 1141 2867 1193 2912; x_wconf 88' lang='lat' dir='ltr'><strong>psrs</strong></span> <span class='ocrx_word' id='word_1_230' title='bbox 1204 2851 1316 2912; x_wconf 79' lang='lat' dir='ltr'><strong>pulsetur,</strong></span> <span class='ocrx_word' id='word_1_231' title='bbox 1329 2855 1365 2902; x_wconf 87' lang='lat' dir='ltr'><strong>di-</strong></span> 
     </span>
     <span class='ocr_line' id='line_1_23' title="bbox 75 2913 1364 2979; baseline 0.005 -20"><span class='ocrx_word' id='word_1_232' title='bbox 75 2926 159 2960; x_wconf 82' lang='lat' dir='ltr'><strong>nostrae</strong></span> <span class='ocrx_word' id='word_1_233' title='bbox 170 2913 201 2960; x_wconf 87' lang='lat' dir='ltr'><strong>de</strong></span> <span class='ocrx_word' id='word_1_234' title='bbox 213 2914 321 2961; x_wconf 89' lang='lat' dir='ltr'><strong>Motibus</strong></span> <span class='ocrx_word' id='word_1_235' title='bbox 334 2913 358 2960; x_wconf 91' lang='lat' dir='ltr'><strong>in</strong></span> <span class='ocrx_word' id='word_1_236' title='bbox 372 2913 458 2960; x_wconf 89' lang='lat' dir='ltr'><strong>Fluido</strong></span> <span class='ocrx_word' id='word_1_237' title='bbox 470 2913 574 2961; x_wconf 81' lang='lat' dir='ltr'><strong>Electico</strong></span> <span class='ocrx_word' id='word_1_238' title='bbox 587 2915 686 2962; x_wconf 88' lang='lat' dir='ltr'><strong>Genitis.</strong></span> <span class='ocrx_word' id='word_1_239' title='bbox 738 2913 830 2962; x_wconf 85' lang='lat' dir='ltr'><strong>videtur</strong></span> <span class='ocrx_word' id='word_1_240' title='bbox 840 2915 917 2962; x_wconf 86' lang='lat' dir='ltr'><strong>minor</strong></span> <span class='ocrx_word' id='word_1_241' title='bbox 927 2931 1012 2961; x_wconf 80' lang='lat' dir='ltr'><strong>nervus</strong></span> <span class='ocrx_word' id='word_1_242' title='bbox 1022 2915 1046 2961; x_wconf 91' lang='lat' dir='ltr'><strong>in</strong></span> <span class='ocrx_word' id='word_1_243' title='bbox 1055 2925 1132 2975; x_wconf 79' lang='lat' dir='ltr'><strong>partes</strong></span> <span class='ocrx_word' id='word_1_244' title='bbox 1141 2916 1206 2971; x_wconf 76' lang='lat' dir='ltr'><strong>dues,</strong></span> <span class='ocrx_word' id='word_1_245' title='bbox 1219 2925 1244 2962; x_wconf 91' lang='lat' dir='ltr'><strong>et</strong></span> <span class='ocrx_word' id='word_1_246' title='bbox 1254 2919 1329 2979; x_wconf 84' lang='lat' dir='ltr'><strong>major</strong></span> <span class='ocrx_word' id='word_1_247' title='bbox 1339 2919 1364 2966; x_wconf 90' lang='lat' dir='ltr'><strong>in</strong></span> 
     </span>
    </p>

    <p class='ocr_par' dir='ltr' id='par_1_10' title="bbox 73 2975 1365 3678">
     <span class='ocr_line' id='line_1_24' title="bbox 106 2975 1365 3041; baseline 0.003 -16"><span class='ocrx_word' id='word_1_248' title='bbox 106 2983 161 3025; x_wconf 80' lang='lat'><strong>316.</strong></span> <span class='ocrx_word' id='word_1_249' title='bbox 183 2977 223 3024; x_wconf 83' lang='lat' dir='ltr'><strong>Ex</strong></span> <span class='ocrx_word' id='word_1_250' title='bbox 235 2977 271 3024; x_wconf 89' lang='lat' dir='ltr'><strong>his</strong></span> <span class='ocrx_word' id='word_1_251' title='bbox 281 2977 421 3040; x_wconf 80' lang='lat' dir='ltr'><strong>intelligitur</strong></span> <span class='ocrx_word' id='word_1_252' title='bbox 436 2975 557 3040; x_wconf 78' lang='lat' dir='ltr'><strong>quomodo</strong></span> <span class='ocrx_word' id='word_1_253' title='bbox 572 2994 613 3038; x_wconf 89' lang='lat' dir='ltr'><strong>per</strong></span> <span class='ocrx_word' id='word_1_254' title='bbox 629 2980 704 3028; x_wconf 85' lang='lat' dir='ltr'><strong>vibrs-</strong></span> <span class='ocrx_word' id='word_1_255' title='bbox 738 2987 813 3036; x_wconf 60' lang='lat' dir='ltr'><strong>mnes</strong></span> <span class='ocrx_word' id='word_1_256' title='bbox 823 2989 870 3024; x_wconf 90' lang='lat' dir='ltr'><strong>tres</strong></span> <span class='ocrx_word' id='word_1_257' title='bbox 880 2978 981 3040; x_wconf 81' lang='lat' dir='ltr'><strong>requeles</strong></span> <span class='ocrx_word' id='word_1_258' title='bbox 990 2994 1043 3039; x_wconf 81' lang='lat' dir='ltr'><strong>quse</strong></span> <span class='ocrx_word' id='word_1_259' title='bbox 1054 2978 1153 3041; x_wconf 68' lang='lat' dir='ltr'><strong>siugulis</strong></span> <span class='ocrx_word' id='word_1_260' title='bbox 1164 2979 1258 3025; x_wconf 81' lang='lat' dir='ltr'><strong>seorsim</strong></span> <span class='ocrx_word' id='word_1_261' title='bbox 1272 2982 1365 3029; x_wconf 84' lang='lat' dir='ltr'><strong>oscillu-</strong></span> 
     </span>
     <span class='ocr_line' id='line_1_25' title="bbox 74 3039 1364 3106; baseline 0.002 -19"><span class='ocrx_word' id='word_1_262' title='bbox 74 3041 147 3092; x_wconf 70' lang='lat' dir='ltr'><strong>nones</strong></span> <span class='ocrx_word' id='word_1_263' title='bbox 158 3041 293 3088; x_wconf 87' lang='lat' dir='ltr'><strong>isochronss</strong></span> <span class='ocrx_word' id='word_1_264' title='bbox 302 3041 403 3100; x_wconf 88' lang='lat' dir='ltr'><strong>corporis</strong></span> <span class='ocrx_word' id='word_1_265' title='bbox 411 3042 539 3088; x_wconf 78' lang='lat' dir='ltr'><strong>temnentis</strong></span> <span class='ocrx_word' id='word_1_266' title='bbox 547 3039 706 3103; x_wconf 82' lang='lat' dir='ltr'><strong>producentur</strong></span> <span class='ocrx_word' id='word_1_267' title='bbox 737 3040 844 3088; x_wconf 82' lang='lat' dir='ltr'><strong>buntur.‘</strong></span> <span class='ocrx_word' id='word_1_268' title='bbox 870 3043 933 3090; x_wconf 80' lang='lat' dir='ltr'><strong>Nam</strong></span> <span class='ocrx_word' id='word_1_269' title='bbox 951 3043 1041 3089; x_wconf 79' lang='lat' dir='ltr'><strong>brevior</strong></span> <span class='ocrx_word' id='word_1_270' title='bbox 1059 3057 1143 3090; x_wconf 65' lang='lat' dir='ltr'><strong>novus</strong></span> <span class='ocrx_word' id='word_1_271' title='bbox 1159 3042 1260 3091; x_wconf 79' lang='lat' dir='ltr'><strong>ducrum</strong></span> <span class='ocrx_word' id='word_1_272' title='bbox 1279 3059 1364 3106; x_wconf 79' lang='lat' dir='ltr'><strong>nempe</strong></span> 
     </span>
     <span class='ocr_line' id='line_1_26' title="bbox 74 3103 1363 3169; baseline 0 -19"><span class='ocrx_word' id='word_1_273' title='bbox 74 3104 97 3150; x_wconf 90' lang='lat' dir='ltr'><strong>in</strong></span> <span class='ocrx_word' id='word_1_274' title='bbox 109 3105 162 3151; x_wconf 69' lang='lat' dir='ltr'><strong>ubre</strong></span> <span class='ocrx_word' id='word_1_275' title='bbox 177 3104 260 3164; x_wconf 89' lang='lat' dir='ltr'><strong>pulsus</strong></span> <span class='ocrx_word' id='word_1_276' title='bbox 275 3105 361 3166; x_wconf 92' lang='lat' dir='ltr'><strong>quibus</strong></span> <span class='ocrx_word' id='word_1_277' title='bbox 372 3103 401 3152; x_wconf 84' lang='lat' dir='ltr'><strong>cd</strong></span> <span class='ocrx_word' id='word_1_278' title='bbox 413 3119 494 3152; x_wconf 82' lang='lat' dir='ltr'><strong>curem</strong></span> <span class='ocrx_word' id='word_1_279' title='bbox 511 3106 619 3165; x_wconf 76' lang='lat' dir='ltr'><strong>appulsis,</strong></span> <span class='ocrx_word' id='word_1_280' title='bbox 637 3107 664 3154; x_wconf 82' lang='lat' dir='ltr'><strong>tt</strong></span> <span class='ocrx_word' id='word_1_281' title='bbox 679 3108 704 3154; x_wconf 90' lang='lat' dir='ltr'><strong>in</strong></span> <span class='ocrx_word' id='word_1_282' title='bbox 737 3106 847 3164; x_wconf 75' lang='lat' dir='ltr'><strong>paruum,</strong></span> <span class='ocrx_word' id='word_1_283' title='bbox 864 3116 899 3154; x_wconf 89' lang='lat' dir='ltr'><strong>ter</strong></span> <span class='ocrx_word' id='word_1_284' title='bbox 908 3106 1036 3153; x_wconf 84' lang='lat' dir='ltr'><strong>oscillsndo</strong></span> <span class='ocrx_word' id='word_1_285' title='bbox 1046 3105 1104 3154; x_wconf 88' lang='lat' dir='ltr'><strong>dum</strong></span> <span class='ocrx_word' id='word_1_286' title='bbox 1115 3120 1199 3153; x_wconf 82' lang='lat' dir='ltr'><strong>nervus</strong></span> <span class='ocrx_word' id='word_1_287' title='bbox 1209 3107 1301 3169; x_wconf 81' lang='lat' dir='ltr'><strong>longior</strong></span> <span class='ocrx_word' id='word_1_288' title='bbox 1310 3123 1363 3168; x_wconf 77' lang='lat' dir='ltr'><strong>per.</strong></span> 
     </span>
     <span class='ocr_line' id='line_1_27' title="bbox 74 3165 1364 3234; baseline 0.006 -21"><span class='ocrx_word' id='word_1_289' title='bbox 74 3169 140 3216; x_wconf 90' lang='lat' dir='ltr'><strong>nobis</strong></span> <span class='ocrx_word' id='word_1_290' title='bbox 151 3169 268 3228; x_wconf 87' lang='lat' dir='ltr'><strong>perceptio</strong></span> <span class='ocrx_word' id='word_1_291' title='bbox 279 3168 338 3225; x_wconf 90' lang='lat' dir='ltr'><strong>soni,</strong></span> <span class='ocrx_word' id='word_1_292' title='bbox 356 3177 380 3215; x_wconf 86' lang='lat' dir='ltr'><strong>et</strong></span> <span class='ocrx_word' id='word_1_293' title='bbox 390 3183 432 3214; x_wconf 87' lang='lat' dir='ltr'><strong>cur</strong></span> <span class='ocrx_word' id='word_1_294' title='bbox 443 3169 502 3226; x_wconf 85' lang='lat' dir='ltr'><strong>sunl,</strong></span> <span class='ocrx_word' id='word_1_295' title='bbox 519 3179 622 3217; x_wconf 79' lang='lat' dir='ltr'><strong>cessante</strong></span> <span class='ocrx_word' id='word_1_296' title='bbox 637 3181 704 3218; x_wconf 90' lang='lat' dir='ltr'><strong>motu</strong></span> <span class='ocrx_word' id='word_1_297' title='bbox 737 3165 797 3215; x_wconf 82' lang='lat' dir='ltr'><strong>tium</strong></span> <span class='ocrx_word' id='word_1_298' title='bbox 808 3168 887 3226; x_wconf 86' lang='lat' dir='ltr'><strong>trium,</strong></span> <span class='ocrx_word' id='word_1_299' title='bbox 899 3171 958 3216; x_wconf 82' lang='lat' dir='ltr'><strong>dues</strong></span> <span class='ocrx_word' id='word_1_300' title='bbox 967 3170 1123 3217; x_wconf 81' lang='lat' dir='ltr'><strong>oscillsu&#39;ones</strong></span> <span class='ocrx_word' id='word_1_301' title='bbox 1132 3170 1229 3218; x_wconf 75' lang='lat' dir='ltr'><strong>absolvit</strong></span> <span class='ocrx_word' id='word_1_302' title='bbox 1238 3173 1364 3234; x_wconf 56' lang='lat' dir='ltr'><strong>(substre-</strong></span> 
     </span>
     <span class='ocr_line' id='line_1_28' title="bbox 74 3231 1363 3296; baseline 0.005 -19"><span class='ocrx_word' id='word_1_303' title='bbox 74 3231 175 3279; x_wconf 90' lang='lat' dir='ltr'><strong>tremulo</strong></span> <span class='ocrx_word' id='word_1_304' title='bbox 186 3232 288 3292; x_wconf 89' lang='lat' dir='ltr'><strong>corporis</strong></span> <span class='ocrx_word' id='word_1_305' title='bbox 298 3232 384 3289; x_wconf 86' lang='lat' dir='ltr'><strong>sonori,</strong></span> <span class='ocrx_word' id='word_1_306' title='bbox 395 3232 472 3278; x_wconf 75' lang='lat' dir='ltr'><strong>stetim</strong></span> <span class='ocrx_word' id='word_1_307' title='bbox 485 3243 581 3280; x_wconf 87' lang='lat' dir='ltr'><strong>cessent.</strong></span> <span class='ocrx_word' id='word_1_308' title='bbox 616 3234 704 3296; x_wconf 84' lang='lat' dir='ltr'><strong>Liquet</strong></span> <span class='ocrx_word' id='word_1_309' title='bbox 735 3233 868 3294; x_wconf 83' lang='lat' dir='ltr'><strong>quentiores</strong></span> <span class='ocrx_word' id='word_1_310' title='bbox 879 3235 902 3280; x_wconf 86' lang='lat' dir='ltr'><strong>lu</strong></span> <span class='ocrx_word' id='word_1_311' title='bbox 914 3235 966 3281; x_wconf 75' lang='lat' dir='ltr'><strong>sere</strong></span> <span class='ocrx_word' id='word_1_312' title='bbox 975 3234 1056 3293; x_wconf 90' lang='lat' dir='ltr'><strong>pulsus</strong></span> <span class='ocrx_word' id='word_1_313' title='bbox 1065 3233 1256 3296; x_wconf 78' lang='lat' dir='ltr'><strong>esciutquorum</strong></span> <span class='ocrx_word' id='word_1_314' title='bbox 1268 3251 1363 3284; x_wconf 88' lang='lat' dir='ltr'><strong>recursu</strong></span> 
     </span>
     <span class='ocr_line' id='line_1_29' title="bbox 75 3293 1363 3360; baseline 0.005 -18"><span class='ocrx_word' id='word_1_315' title='bbox 75 3295 144 3342; x_wconf 72' lang='grc' dir='ltr'><strong>είίιω</strong></span> <span class='ocrx_word' id='word_1_316' title='bbox 156 3305 224 3342; x_wconf 90' lang='lat' dir='ltr'><strong>tonos</strong></span> <span class='ocrx_word' id='word_1_317' title='bbox 234 3311 249 3342; x_wconf 83' lang='lat' dir='ltr'><strong>n</strong></span> <span class='ocrx_word' id='word_1_318' title='bbox 259 3310 358 3343; x_wconf 85' lang='lat' dir='ltr'><strong>numero</strong></span> <span class='ocrx_word' id='word_1_319' title='bbox 368 3293 480 3355; x_wconf 88' lang='lat' dir='ltr'><strong>pulsuum</strong></span> <span class='ocrx_word' id='word_1_320' title='bbox 491 3295 532 3357; x_wconf 89' lang='lat' dir='ltr'><strong>qui</strong></span> <span class='ocrx_word' id='word_1_321' title='bbox 544 3297 569 3342; x_wconf 91' lang='lat' dir='ltr'><strong>in</strong></span> <span class='ocrx_word' id='word_1_322' title='bbox 580 3297 632 3342; x_wconf 85' lang='lat' dir='ltr'><strong>s&#39;e&#39;re</strong></span> <span class='ocrx_word' id='word_1_323' title='bbox 643 3307 702 3344; x_wconf 76' lang='lat' dir='ltr'><strong>tun-</strong></span> <span class='ocrx_word' id='word_1_324' title='bbox 736 3311 821 3343; x_wconf 88' lang='lat' dir='ltr'><strong>nervus</strong></span> <span class='ocrx_word' id='word_1_325' title='bbox 837 3297 929 3358; x_wconf 77' lang='lat' dir='ltr'><strong>longior</strong></span> <span class='ocrx_word' id='word_1_326' title='bbox 944 3297 1013 3344; x_wconf 75' lang='lat' dir='ltr'><strong>citius</strong></span> <span class='ocrx_word' id='word_1_327' title='bbox 1028 3296 1099 3359; x_wconf 65' lang='lat' dir='ltr'><strong>quim</strong></span> <span class='ocrx_word' id='word_1_328' title='bbox 1110 3313 1152 3358; x_wconf 86' lang='lat' dir='ltr'><strong>psr</strong></span> <span class='ocrx_word' id='word_1_329' title='bbox 1162 3309 1197 3345; x_wconf 83' lang='lat' dir='ltr'><strong>est</strong></span> <span class='ocrx_word' id='word_1_330' title='bbox 1207 3300 1322 3360; x_wconf 63' lang='lat' dir='ltr'><strong>agitem</strong></span> <span class='ocrx_word' id='word_1_331' title='bbox 1338 3311 1363 3348; x_wconf 86' lang='lat' dir='ltr'><strong>et</strong></span> 
     </span>
     <span class='ocr_line' id='line_1_30' title="bbox 74 3358 1362 3426; baseline 0.005 -20"><span class='ocrx_word' id='word_1_332' title='bbox 74 3374 129 3418; x_wconf 84' lang='lat' dir='ltr'><strong>pore</strong></span> <span class='ocrx_word' id='word_1_333' title='bbox 145 3359 202 3406; x_wconf 73' lang='lat' dir='ltr'><strong>dato</strong></span> <span class='ocrx_word' id='word_1_334' title='bbox 217 3360 356 3416; x_wconf 68' lang='lat' dir='ltr'><strong>excitantur,</strong></span> <span class='ocrx_word' id='word_1_335' title='bbox 375 3358 482 3420; x_wconf 87' lang='lat' dir='ltr'><strong>pendere,</strong></span> <span class='ocrx_word' id='word_1_336' title='bbox 501 3358 557 3408; x_wconf 78' lang='lat' dir='ltr'><strong>clim</strong></span> <span class='ocrx_word' id='word_1_337' title='bbox 578 3363 631 3422; x_wconf 85' lang='lat' dir='ltr'><strong>(per</strong></span> <span class='ocrx_word' id='word_1_338' title='bbox 648 3361 702 3410; x_wconf 88' lang='lat' dir='ltr'><strong>Cor.</strong></span> <span class='ocrx_word' id='word_1_339' title='bbox 736 3374 791 3406; x_wconf 91' lang='lat' dir='ltr'><strong>cum</strong></span> <span class='ocrx_word' id='word_1_340' title='bbox 811 3359 931 3422; x_wconf 78' lang='lat' dir='ltr'><strong>cuiusque</strong></span> <span class='ocrx_word' id='word_1_341' title='bbox 946 3361 1010 3407; x_wconf 80' lang='lat' dir='ltr'><strong>uerri</strong></span> <span class='ocrx_word' id='word_1_342' title='bbox 1025 3362 1218 3423; x_wconf 65' lang='lat' dir='ltr'><strong>sbnmuembtus</strong></span> <span class='ocrx_word' id='word_1_343' title='bbox 1233 3378 1362 3426; x_wconf 79' lang='lat' dir='ltr'><strong>congruere</strong></span> 
     </span>
     <span class='ocr_line' id='line_1_31' title="bbox 76 3421 1362 3490; baseline 0.004 -20"><span class='ocrx_word' id='word_1_344' title='bbox 76 3423 146 3484; x_wconf 80' lang='lat' dir='ltr'><strong>Prop-</strong></span> <span class='ocrx_word' id='word_1_345' title='bbox 160 3423 243 3485; x_wconf 85' lang='lat' dir='ltr'><strong>hujus)</strong></span> <span class='ocrx_word' id='word_1_346' title='bbox 261 3431 374 3470; x_wconf 82' lang='lat' dir='ltr'><strong>numerus</strong></span> <span class='ocrx_word' id='word_1_347' title='bbox 387 3423 499 3483; x_wconf 89' lang='lat' dir='ltr'><strong>pulsuum</strong></span> <span class='ocrx_word' id='word_1_348' title='bbox 511 3421 607 3486; x_wconf 81' lang='lat' dir='ltr'><strong>usquelis</strong></span> <span class='ocrx_word' id='word_1_349' title='bbox 617 3423 646 3470; x_wconf 86' lang='lat' dir='ltr'><strong>sit</strong></span> <span class='ocrx_word' id='word_1_350' title='bbox 656 3439 701 3471; x_wconf 91' lang='lat' dir='ltr'><strong>nu·</strong></span> <span class='ocrx_word' id='word_1_351' title='bbox 736 3437 783 3470; x_wconf 91' lang='lat' dir='ltr'><strong>non</strong></span> <span class='ocrx_word' id='word_1_352' title='bbox 794 3424 884 3482; x_wconf 83' lang='lat' dir='ltr'><strong>possint</strong></span> <span class='ocrx_word' id='word_1_353' title='bbox 893 3424 937 3470; x_wconf 86' lang='lat' dir='ltr'><strong>nisi</strong></span> <span class='ocrx_word' id='word_1_354' title='bbox 948 3423 1048 3487; x_wconf 68' lang='lat' dir='ltr'><strong>singulm</strong></span> <span class='ocrx_word' id='word_1_355' title='bbox 1059 3440 1182 3472; x_wconf 78' lang='lat' dir='ltr'><strong>nervorum</strong></span> <span class='ocrx_word' id='word_1_356' title='bbox 1190 3437 1267 3486; x_wconf 80' lang='lat' dir='ltr'><strong>portes</strong></span> <span class='ocrx_word' id='word_1_357' title='bbox 1272 3427 1362 3490; x_wconf 85' lang='lat' dir='ltr'><strong>sliquo-</strong></span> 
     </span>
     <span class='ocr_line' id='line_1_32' title="bbox 74 3486 1362 3549; baseline 0.006 -17"><span class='ocrx_word' id='word_1_358' title='bbox 74 3501 139 3533; x_wconf 86' lang='lat' dir='ltr'><strong>mero</strong></span> <span class='ocrx_word' id='word_1_359' title='bbox 149 3487 306 3532; x_wconf 80' lang='lat' dir='ltr'><strong>vibrationum</strong></span> <span class='ocrx_word' id='word_1_360' title='bbox 316 3502 346 3533; x_wconf 82' lang='lat' dir='ltr'><strong>ex</strong></span> <span class='ocrx_word' id='word_1_361' title='bbox 358 3487 394 3534; x_wconf 88' lang='lat' dir='ltr'><strong>itu</strong></span> <span class='ocrx_word' id='word_1_362' title='bbox 404 3496 429 3533; x_wconf 90' lang='lat' dir='ltr'><strong>et</strong></span> <span class='ocrx_word' id='word_1_363' title='bbox 439 3486 703 3548; x_wconf 82' lang='lat' dir='ltr'><strong>reditucompositerum</strong></span> <span class='ocrx_word' id='word_1_364' title='bbox 735 3495 766 3533; x_wconf 76' lang='lat' dir='ltr'><strong>tae</strong></span> <span class='ocrx_word' id='word_1_365' title='bbox 784 3497 808 3534; x_wconf 88' lang='lat' dir='ltr'><strong>et</strong></span> <span class='ocrx_word' id='word_1_366' title='bbox 826 3489 927 3549; x_wconf 76' lang='lat' dir='ltr'><strong>equsles</strong></span> <span class='ocrx_word' id='word_1_367' title='bbox 943 3488 1038 3534; x_wconf 86' lang='lat' dir='ltr'><strong>seorsim</strong></span> <span class='ocrx_word' id='word_1_368' title='bbox 1055 3489 1198 3546; x_wconf 87' lang='lat' dir='ltr'><strong>oscilleutur,</strong></span> <span class='ocrx_word' id='word_1_369' title='bbox 1220 3501 1300 3538; x_wconf 89' lang='lat' dir='ltr'><strong>motus</strong></span> <span class='ocrx_word' id='word_1_370' title='bbox 1320 3492 1362 3542; x_wconf 84' lang='lat' dir='ltr'><strong>ille</strong></span> 
     </span>
     <span class='ocr_line' id='line_1_33' title="bbox 73 3549 1360 3614; baseline 0.003 -16"><span class='ocrx_word' id='word_1_371' title='bbox 73 3563 130 3611; x_wconf 88' lang='lat' dir='ltr'><strong>quss</strong></span> <span class='ocrx_word' id='word_1_372' title='bbox 141 3549 228 3596; x_wconf 81' lang='lat' dir='ltr'><strong>chorda</strong></span> <span class='ocrx_word' id='word_1_373' title='bbox 238 3551 329 3596; x_wconf 82' lang='lat' dir='ltr'><strong>musice</strong></span> <span class='ocrx_word' id='word_1_374' title='bbox 343 3549 441 3612; x_wconf 81' lang='lat' dir='ltr'><strong>peregit,</strong></span> <span class='ocrx_word' id='word_1_375' title='bbox 459 3560 482 3597; x_wconf 88' lang='lat' dir='ltr'><strong>et</strong></span> <span class='ocrx_word' id='word_1_376' title='bbox 497 3553 527 3598; x_wconf 81' lang='lat' dir='ltr'><strong>sb</strong></span> <span class='ocrx_word' id='word_1_377' title='bbox 542 3551 588 3598; x_wconf 87' lang='lat' dir='ltr'><strong>isto</strong></span> <span class='ocrx_word' id='word_1_378' title='bbox 604 3565 703 3599; x_wconf 89' lang='lat' dir='ltr'><strong>numem</strong></span> <span class='ocrx_word' id='word_1_379' title='bbox 735 3551 869 3610; x_wconf 73' lang='lat' dir='ltr'><strong>conspirans</strong></span> <span class='ocrx_word' id='word_1_380' title='bbox 882 3562 929 3600; x_wconf 74' lang='lat' dir='ltr'><strong>tum</strong></span> <span class='ocrx_word' id='word_1_381' title='bbox 941 3552 966 3598; x_wconf 89' lang='lat' dir='ltr'><strong>in</strong></span> <span class='ocrx_word' id='word_1_382' title='bbox 976 3553 1052 3599; x_wconf 83' lang='lat' dir='ltr'><strong>nervis</strong></span> <span class='ocrx_word' id='word_1_383' title='bbox 1067 3551 1138 3614; x_wconf 77' lang='lat' dir='ltr'><strong>quim</strong></span> <span class='ocrx_word' id='word_1_384' title='bbox 1154 3553 1179 3599; x_wconf 91' lang='lat' dir='ltr'><strong>in</strong></span> <span class='ocrx_word' id='word_1_385' title='bbox 1195 3553 1248 3601; x_wconf 67' lang='lat' dir='ltr'><strong>u&#39;e’re</strong></span> <span class='ocrx_word' id='word_1_386' title='bbox 1265 3556 1360 3602; x_wconf 78' lang='lat' dir='ltr'><strong>tandem</strong></span> 
     </span>
     <span class='ocr_line' id='line_1_34' title="bbox 73 3611 1361 3678; baseline 0.005 -18"><span class='ocrx_word' id='word_1_387' title='bbox 73 3622 183 3660; x_wconf 86' lang='lat' dir='ltr'><strong>tonorum</strong></span> <span class='ocrx_word' id='word_1_388' title='bbox 195 3611 411 3662; x_wconf 79' lang='lat' dir='ltr'><strong>diversitssoriutur</strong></span> <span class='ocrx_word' id='word_1_389' title='bbox 422 3614 501 3677; x_wconf 75' lang='lat'><strong>(508).</strong></span> <span class='ocrx_word' id='word_1_390' title='bbox 734 3614 878 3674; x_wconf 83' lang='lat' dir='ltr'><strong>producitur.</strong></span> <span class='ocrx_word' id='word_1_391' title='bbox 913 3617 949 3664; x_wconf 88' lang='lat' dir='ltr'><strong>Et</strong></span> <span class='ocrx_word' id='word_1_392' title='bbox 968 3617 1019 3664; x_wconf 75' lang='lat' dir='ltr'><strong>bec</strong></span> <span class='ocrx_word' id='word_1_393' title='bbox 1039 3617 1134 3678; x_wconf 87' lang='lat' dir='ltr'><strong>quldem</strong></span> <span class='ocrx_word' id='word_1_394' title='bbox 1152 3617 1177 3663; x_wconf 91' lang='lat' dir='ltr'><strong>in</strong></span> <span class='ocrx_word' id='word_1_395' title='bbox 1197 3618 1361 3677; x_wconf 79' lang='lat' dir='ltr'><strong>experimentis</strong></span> 
     </span>
    </p>
   </div>
   <div class='ocr_carea' id='block_1_10' title="bbox 104 3677 1446 3755">
    <p class='ocr_par' dir='ltr' id='par_1_11' title="bbox 104 3677 1446 3755">
     <span class='ocr_line' id='line_1_35' title="bbox 104 3677 1446 3755; baseline 0.002 -30"><span class='ocrx_word' id='word_1_396' title='bbox 104 3682 161 3726; x_wconf 82' lang='grc'><strong>817.</strong></span> <span class='ocrx_word' id='word_1_397' title='bbox 182 3677 251 3724; x_wconf 81' lang='lat' dir='ltr'><strong>Petet</strong></span> <span class='ocrx_word' id='word_1_398' title='bbox 259 3677 328 3724; x_wconf 87' lang='lat' dir='ltr'><strong>etism</strong></span> <span class='ocrx_word' id='word_1_399' title='bbox 337 3677 455 3740; x_wconf 89' lang='lat' dir='ltr'><strong>quomodo</strong></span> <span class='ocrx_word' id='word_1_400' title='bbox 463 3678 608 3738; x_wconf 81' lang='lat' dir='ltr'><strong>siirispulsus</strong></span> <span class='ocrx_word' id='word_1_401' title='bbox 617 3694 701 3742; x_wconf 78' lang='lat' dir='ltr'><strong>sonupr</strong></span> <span class='ocrx_word' id='word_1_402' title='bbox 733 3679 829 3726; x_wconf 86' lang='lat' dir='ltr'><strong>musicis</strong></span> <span class='ocrx_word' id='word_1_403' title='bbox 840 3678 873 3726; x_wconf 79' lang='lat' dir='ltr'><strong>itt</strong></span> <span class='ocrx_word' id='word_1_404' title='bbox 884 3681 1019 3755; x_wconf 69' lang='lat' dir='ltr'><strong>continggrs</strong></span> <span class='ocrx_word' id='word_1_405' title='bbox 1030 3683 1180 3727; x_wconf 76' lang='lat' dir='ltr'><strong>observarunt</strong></span> <span class='ocrx_word' id='word_1_406' title='bbox 1190 3681 1260 3728; x_wconf 84' lang='lat' dir='ltr'><strong>Joen.</strong></span> <span class='ocrx_word' id='word_1_407' title='bbox 1275 3681 1358 3728; x_wconf 78' lang='lat' dir='ltr'><strong>Wsllis</strong></span> <span class='ocrx_word' id='word_1_408' title='bbox 1443 3729 1446 3734; x_wconf 78' lang='grc'><strong>,</strong></span> 
     </span>
    </p>
   </div>
   <div class='ocr_carea' id='block_1_11' title="bbox 71 3741 1389 4832">
    <p class='ocr_par' dir='ltr' id='par_1_12' title="bbox 71 3741 1359 4314">
     <span class='ocr_line' id='line_1_36' title="bbox 73 3741 1359 3803; baseline 0.002 -15"><span class='ocrx_word' id='word_1_409' title='bbox 73 3751 95 3788; x_wconf 86' lang='lat' dir='ltr'><strong>et</strong></span> <span class='ocrx_word' id='word_1_410' title='bbox 105 3752 219 3789; x_wconf 81' lang='lat' dir='ltr'><strong>trentores</strong></span> <span class='ocrx_word' id='word_1_411' title='bbox 228 3741 254 3787; x_wconf 91' lang='lat' dir='ltr'><strong>in</strong></span> <span class='ocrx_word' id='word_1_412' title='bbox 266 3741 318 3788; x_wconf 85' lang='lat' dir='ltr'><strong>eliis</strong></span> <span class='ocrx_word' id='word_1_413' title='bbox 328 3742 462 3802; x_wconf 86' lang='lat' dir='ltr'><strong>corporibus</strong></span> <span class='ocrx_word' id='word_1_414' title='bbox 473 3741 578 3788; x_wconf 89' lang='lat' dir='ltr'><strong>unisonis</strong></span> <span class='ocrx_word' id='word_1_415' title='bbox 587 3753 629 3790; x_wconf 81' lang='lat' dir='ltr'><strong>aut</strong></span> <span class='ocrx_word' id='word_1_416' title='bbox 645 3759 700 3792; x_wconf 87' lang='lat' dir='ltr'><strong>con-</strong></span> <span class='ocrx_word' id='word_1_417' title='bbox 735 3741 841 3802; x_wconf 83' lang='lat' dir='ltr'><strong>Operum</strong></span> <span class='ocrx_word' id='word_1_418' title='bbox 852 3744 877 3789; x_wconf 92' lang='lat' dir='ltr'><strong>in</strong></span> <span class='ocrx_word' id='word_1_419' title='bbox 888 3745 928 3790; x_wconf 73' lang='lat' dir='ltr'><strong>tol·</strong></span> <span class='ocrx_word' id='word_1_420' title='bbox 944 3744 1012 3790; x_wconf 84' lang='lat' dir='ltr'><strong>Tum.</strong></span> <span class='ocrx_word' id='word_1_421' title='bbox 1027 3744 1065 3790; x_wconf 88' lang='lat' dir='ltr'><strong>II.</strong></span> <span class='ocrx_word' id='word_1_422' title='bbox 1078 3759 1131 3803; x_wconf 87' lang='lat' dir='ltr'><strong>psg.</strong></span> <span class='ocrx_word' id='word_1_423' title='bbox 1144 3748 1199 3790; x_wconf 78' lang='lat'><strong>466.</strong></span> <span class='ocrx_word' id='word_1_424' title='bbox 1230 3743 1264 3790; x_wconf 83' lang='lat' dir='ltr'><strong>Et</strong></span> <span class='ocrx_word' id='word_1_425' title='bbox 1274 3743 1359 3791; x_wconf 87' lang='lat' dir='ltr'><strong>deinde</strong></span> 
     </span>
     <span class='ocr_line' id='line_1_37' title="bbox 73 3803 1355 3867; baseline 0.003 -16"><span class='ocrx_word' id='word_1_426' title='bbox 73 3805 210 3852; x_wconf 84' lang='lat' dir='ltr'><strong>scnsntibus</strong></span> <span class='ocrx_word' id='word_1_427' title='bbox 220 3820 297 3852; x_wconf 75' lang='lat' dir='ltr'><strong>creare</strong></span> <span class='ocrx_word' id='word_1_428' title='bbox 307 3808 403 3866; x_wconf 77' lang='lat' dir='ltr'><strong>possint.</strong></span> <span class='ocrx_word' id='word_1_429' title='bbox 439 3805 502 3852; x_wconf 86' lang='lat' dir='ltr'><strong>Nsrn</strong></span> <span class='ocrx_word' id='word_1_430' title='bbox 513 3803 567 3852; x_wconf 77' lang='lat' dir='ltr'><strong>clun</strong></span> <span class='ocrx_word' id='word_1_431' title='bbox 579 3807 636 3853; x_wconf 70' lang='lat' dir='ltr'><strong>siris</strong></span> <span class='ocrx_word' id='word_1_432' title='bbox 647 3808 700 3867; x_wconf 89' lang='lat' dir='ltr'><strong>pul·</strong></span> <span class='ocrx_word' id='word_1_433' title='bbox 735 3805 854 3852; x_wconf 79' lang='lat' dir='ltr'><strong>Acusticae</strong></span> <span class='ocrx_word' id='word_1_434' title='bbox 872 3807 1012 3852; x_wconf 80' lang='lat' dir='ltr'><strong>insteurstor</strong></span> <span class='ocrx_word' id='word_1_435' title='bbox 1032 3807 1064 3852; x_wconf 90' lang='lat' dir='ltr'><strong>D.</strong></span> <span class='ocrx_word' id='word_1_436' title='bbox 1080 3807 1185 3852; x_wconf 80' lang='lat' dir='ltr'><strong>Ssuveur</strong></span> <span class='ocrx_word' id='word_1_437' title='bbox 1199 3805 1232 3867; x_wconf 30' lang='lat' dir='ltr'><strong>inv</strong></span> <span class='ocrx_word' id='word_1_438' title='bbox 1246 3807 1355 3855; x_wconf 86' lang='lat' dir='ltr'><strong>Monum.</strong></span> 
     </span>
     <span class='ocr_line' id='line_1_38' title="bbox 72 3867 1358 3932; baseline 0.001 -17"><span class='ocrx_word' id='word_1_439' title='bbox 72 3883 112 3916; x_wconf 86' lang='lat' dir='ltr'><strong>sus</strong></span> <span class='ocrx_word' id='word_1_440' title='bbox 121 3869 147 3916; x_wconf 87' lang='lat' dir='ltr'><strong>in</strong></span> <span class='ocrx_word' id='word_1_441' title='bbox 157 3883 257 3916; x_wconf 84' lang='lat' dir='ltr'><strong>nervum</strong></span> <span class='ocrx_word' id='word_1_442' title='bbox 268 3869 384 3916; x_wconf 85' lang='lat' dir='ltr'><strong>musicum</strong></span> <span class='ocrx_word' id='word_1_443' title='bbox 393 3867 489 3918; x_wconf 86' lang='lat' dir='ltr'><strong>incurrit</strong></span> <span class='ocrx_word' id='word_1_444' title='bbox 500 3868 700 3932; x_wconf 83' lang='lat' dir='ltr'><strong>quivibrationern</strong></span> <span class='ocrx_word' id='word_1_445' title='bbox 734 3868 809 3914; x_wconf 83' lang='lat' dir='ltr'><strong>Accd.</strong></span> <span class='ocrx_word' id='word_1_446' title='bbox 826 3869 898 3915; x_wconf 80' lang='lat' dir='ltr'><strong>Poris.</strong></span> <span class='ocrx_word' id='word_1_447' title='bbox 911 3884 949 3916; x_wconf 88' lang='lat' dir='ltr'><strong>su.</strong></span> <span class='ocrx_word' id='word_1_448' title='bbox 965 3873 1034 3916; x_wconf 85' lang='lat'>1701.</span> <span class='ocrx_word' id='word_1_449' title='bbox 1047 3868 1087 3916; x_wconf 88' lang='lat' dir='ltr'><strong>ubi</strong></span> <span class='ocrx_word' id='word_1_450' title='bbox 1098 3868 1144 3915; x_wconf 86' lang='lat' dir='ltr'><strong>slis</strong></span> <span class='ocrx_word' id='word_1_451' title='bbox 1153 3868 1311 3928; x_wconf 73' lang='lat' dir='ltr'><strong>experimenta</strong></span> <span class='ocrx_word' id='word_1_452' title='bbox 1320 3886 1358 3916; x_wconf 81' lang='lat' dir='ltr'><strong>re.</strong></span> 
     </span>
     <span class='ocr_line' id='line_1_39' title="bbox 72 3931 1357 3994; baseline 0.003 -16"><span class='ocrx_word' id='word_1_453' title='bbox 72 3947 144 3980; x_wconf 75' lang='lat' dir='ltr'><strong>cmm</strong></span> <span class='ocrx_word' id='word_1_454' title='bbox 155 3948 185 3980; x_wconf 81' lang='lat' dir='ltr'><strong>ex</strong></span> <span class='ocrx_word' id='word_1_455' title='bbox 196 3933 232 3980; x_wconf 90' lang='lat' dir='ltr'><strong>itu</strong></span> <span class='ocrx_word' id='word_1_456' title='bbox 243 3943 267 3980; x_wconf 87' lang='lat' dir='ltr'><strong>et</strong></span> <span class='ocrx_word' id='word_1_457' title='bbox 277 3931 353 3980; x_wconf 88' lang='lat' dir='ltr'><strong>reditu</strong></span> <span class='ocrx_word' id='word_1_458' title='bbox 365 3932 516 3993; x_wconf 81' lang='lat' dir='ltr'><strong>compositum</strong></span> <span class='ocrx_word' id='word_1_459' title='bbox 529 3933 645 3980; x_wconf 75' lang='lat' dir='ltr'><strong>absolvere</strong></span> <span class='ocrx_word' id='word_1_460' title='bbox 658 3952 699 3994; x_wconf 79' lang='lat' dir='ltr'><strong>sp·</strong></span> <span class='ocrx_word' id='word_1_461' title='bbox 732 3931 777 3979; x_wconf 82' lang='lat' dir='ltr'><strong>fert</strong></span> <span class='ocrx_word' id='word_1_462' title='bbox 795 3949 848 3994; x_wconf 78' lang='lat' dir='ltr'><strong>quoe</strong></span> <span class='ocrx_word' id='word_1_463' title='bbox 864 3948 891 3980; x_wconf 85' lang='lat' dir='ltr'><strong>es</strong></span> <span class='ocrx_word' id='word_1_464' title='bbox 909 3931 1023 3992; x_wconf 68' lang='lat' dir='ltr'><strong>predictis</strong></span> <span class='ocrx_word' id='word_1_465' title='bbox 1033 3931 1102 3979; x_wconf 77' lang='lat' dir='ltr'><strong>troile</strong></span> <span class='ocrx_word' id='word_1_466' title='bbox 1118 3942 1215 3991; x_wconf 83' lang='lat' dir='ltr'><strong>possunt</strong></span> <span class='ocrx_word' id='word_1_467' title='bbox 1232 3933 1357 3994; x_wconf 80' lang='lat' dir='ltr'><strong>explicuri3</strong></span> 
     </span>
     <span class='ocr_line' id='line_1_40' title="bbox 71 3995 1355 4058; baseline 0 -14"><span class='ocrx_word' id='word_1_468' title='bbox 71 3997 163 4053; x_wconf 85' lang='lat' dir='ltr'><strong>tussit,</strong></span> <span class='ocrx_word' id='word_1_469' title='bbox 185 4011 214 4043; x_wconf 89' lang='lat' dir='ltr'><strong>eo</strong></span> <span class='ocrx_word' id='word_1_470' title='bbox 232 4005 335 4056; x_wconf 84' lang='lat' dir='ltr'><strong>tempore</strong></span> <span class='ocrx_word' id='word_1_471' title='bbox 355 4011 402 4058; x_wconf 90' lang='lat' dir='ltr'><strong>quo</strong></span> <span class='ocrx_word' id='word_1_472' title='bbox 417 3996 500 4058; x_wconf 89' lang='lat' dir='ltr'><strong>pulsus</strong></span> <span class='ocrx_word' id='word_1_473' title='bbox 510 4011 575 4043; x_wconf 86' lang='lat' dir='ltr'><strong>susm</strong></span> <span class='ocrx_word' id='word_1_474' title='bbox 587 3999 700 4056; x_wconf 87' lang='lat' dir='ltr'><strong>percurrit</strong></span> <span class='ocrx_word' id='word_1_475' title='bbox 734 3999 747 4026; x_wconf 77' lang='lat'>⁸</span> <span class='ocrx_word' id='word_1_476' title='bbox 759 4005 782 4042; x_wconf 91' lang='lat' dir='ltr'><strong>et</strong></span> <span class='ocrx_word' id='word_1_477' title='bbox 792 3997 847 4043; x_wconf 88' lang='lat' dir='ltr'><strong>inde</strong></span> <span class='ocrx_word' id='word_1_478' title='bbox 862 3996 1041 4058; x_wconf 83' lang='lat' dir='ltr'><strong>ingeniosissimi</strong></span> <span class='ocrx_word' id='word_1_479' title='bbox 1057 3996 1185 4056; x_wconf 76' lang='lat' dir='ltr'><strong>systematis</strong></span> <span class='ocrx_word' id='word_1_480' title='bbox 1200 3995 1231 4044; x_wconf 88' lang='lat' dir='ltr'><strong>de</strong></span> <span class='ocrx_word' id='word_1_481' title='bbox 1246 4008 1355 4044; x_wconf 84' lang='lat' dir='ltr'><strong>tonorum</strong></span> 
     </span>
     <span class='ocr_line' id='line_1_41' title="bbox 71 4057 1357 4121; baseline 0 -13"><span class='ocrx_word' id='word_1_482' title='bbox 71 4059 228 4114; x_wconf 71' lang='lat' dir='ltr'><strong>beronicem,</strong></span> <span class='ocrx_word' id='word_1_483' title='bbox 241 4070 401 4108; x_wconf 87' lang='lat' dir='ltr'><strong>commovetur</strong></span> <span class='ocrx_word' id='word_1_484' title='bbox 409 4075 493 4108; x_wconf 76' lang='lat' dir='ltr'><strong>nervus</strong></span> <span class='ocrx_word' id='word_1_485' title='bbox 503 4071 527 4106; x_wconf 90' lang='lat' dir='ltr'><strong>et</strong></span> <span class='ocrx_word' id='word_1_486' title='bbox 536 4058 654 4108; x_wconf 85' lang='lat' dir='ltr'><strong>oscillstur</strong></span> <span class='ocrx_word' id='word_1_487' title='bbox 658 4077 700 4121; x_wconf 88' lang='lat' dir='ltr'><strong>per</strong></span> <span class='ocrx_word' id='word_1_488' title='bbox 732 4058 883 4120; x_wconf 90' lang='lat' dir='ltr'><strong>productione</strong></span> <span class='ocrx_word' id='word_1_489' title='bbox 900 4069 924 4107; x_wconf 85' lang='lat' dir='ltr'><strong>et</strong></span> <span class='ocrx_word' id='word_1_490' title='bbox 939 4057 1062 4107; x_wconf 70' lang='lat' dir='ltr'><strong>bsmmniis</strong></span> <span class='ocrx_word' id='word_1_491' title='bbox 1075 4059 1231 4120; x_wconf 12' lang='lat' dir='ltr'><strong>*fundamenta</strong></span> <span class='ocrx_word' id='word_1_492' title='bbox 1246 4059 1357 4108; x_wconf 81' lang='lat' dir='ltr'><strong>derivavit</strong></span> 
     </span>
     <span class='ocr_line' id='line_1_42' title="bbox 71 4121 1356 4188; baseline 0.002 -18"><span class='ocrx_word' id='word_1_493' title='bbox 71 4123 699 4188; x_wconf 70' lang='lat' dir='ltr'><strong>exiguumlibetspstiunuetrecurrentibnsnovisstque</strong></span> <span class='ocrx_word' id='word_1_494' title='bbox 731 4123 764 4170; x_wconf 89' lang='lat' dir='ltr'><strong>ill.</strong></span> <span class='ocrx_word' id='word_1_495' title='bbox 782 4123 811 4170; x_wconf 89' lang='lat' dir='ltr'><strong>de</strong></span> <span class='ocrx_word' id='word_1_496' title='bbox 828 4125 922 4170; x_wconf 80' lang='lat' dir='ltr'><strong>Meirsn</strong></span> <span class='ocrx_word' id='word_1_497' title='bbox 944 4124 1009 4171; x_wconf 90' lang='lat' dir='ltr'><strong>omni</strong></span> <span class='ocrx_word' id='word_1_498' title='bbox 1025 4121 1095 4170; x_wconf 76' lang='lat' dir='ltr'><strong>laude</strong></span> <span class='ocrx_word' id='word_1_499' title='bbox 1113 4123 1224 4182; x_wconf 84' lang='lat' dir='ltr'><strong>superior,</strong></span> <span class='ocrx_word' id='word_1_500' title='bbox 1245 4123 1308 4185; x_wconf 90' lang='lat' dir='ltr'><strong>quod</strong></span> <span class='ocrx_word' id='word_1_501' title='bbox 1324 4125 1356 4172; x_wconf 83' lang='lat' dir='ltr'><strong>sd</strong></span> 
     </span>
     <span class='ocr_line' id='line_1_43' title="bbox 72 4186 1356 4250; baseline 0.002 -16"><span class='ocrx_word' id='word_1_502' title='bbox 72 4187 259 4248; x_wconf 81' lang='lat' dir='ltr'><strong>conspirantibus</strong></span> <span class='ocrx_word' id='word_1_503' title='bbox 278 4187 336 4236; x_wconf 64' lang='lat' dir='ltr'><strong>serlo</strong></span> <span class='ocrx_word' id='word_1_504' title='bbox 356 4188 463 4248; x_wconf 89' lang='lat' dir='ltr'><strong>pulsibus</strong></span> <span class='ocrx_word' id='word_1_505' title='bbox 483 4186 580 4234; x_wconf 75' lang='lat' dir='ltr'><strong>celerius</strong></span> <span class='ocrx_word' id='word_1_506' title='bbox 598 4197 699 4250; x_wconf 77' lang='lat' dir='ltr'><strong>sgstuur</strong></span> <span class='ocrx_word' id='word_1_507' title='bbox 730 4188 819 4246; x_wconf 75' lang='lat' dir='ltr'><strong>praxim</strong></span> <span class='ocrx_word' id='word_1_508' title='bbox 841 4186 974 4234; x_wconf 75' lang='lat' dir='ltr'><strong>felicissIme</strong></span> <span class='ocrx_word' id='word_1_509' title='bbox 991 4187 1105 4235; x_wconf 74' lang='lat' dir='ltr'><strong>revomuit</strong></span> <span class='ocrx_word' id='word_1_510' title='bbox 1122 4186 1157 4232; x_wconf 77' lang='lat' dir='ltr'><strong>rit</strong></span> <span class='ocrx_word' id='word_1_511' title='bbox 1174 4187 1235 4234; x_wconf 89' lang='lat' dir='ltr'><strong>inter</strong></span> <span class='ocrx_word' id='word_1_512' title='bbox 1252 4188 1356 4236; x_wconf 86' lang='lat' dir='ltr'><strong>emditos</strong></span> 
     </span>
     <span class='ocr_line' id='line_1_44' title="bbox 71 4251 1192 4314; baseline 0.001 -17"><span class='ocrx_word' id='word_1_513' title='bbox 71 4265 203 4314; x_wconf 85' lang='lat' dir='ltr'><strong>sonumque</strong></span> <span class='ocrx_word' id='word_1_514' title='bbox 214 4251 295 4298; x_wconf 83' lang='lat' dir='ltr'><strong>reddit.</strong></span> <span class='ocrx_word' id='word_1_515' title='bbox 333 4252 366 4300; x_wconf 80' lang='lat' dir='ltr'><strong>At</strong></span> <span class='ocrx_word' id='word_1_516' title='bbox 376 4251 395 4298; x_wconf 87' lang='lat' dir='ltr'><strong>si</strong></span> <span class='ocrx_word' id='word_1_517' title='bbox 407 4267 490 4299; x_wconf 82' lang='lat' dir='ltr'><strong>nervus</strong></span> <span class='ocrx_word' id='word_1_518' title='bbox 501 4251 699 4299; x_wconf 82' lang='lat' dir='ltr'><strong>vibrntIonessuss</strong></span> <span class='ocrx_word' id='word_1_519' title='bbox 733 4251 840 4311; x_wconf 87' lang='lat' dir='ltr'><strong>Orpbeus</strong></span> <span class='ocrx_word' id='word_1_520' title='bbox 849 4251 1018 4299; x_wconf 84' lang='lat' dir='ltr'><strong>illustrissimus</strong></span> <span class='ocrx_word' id='word_1_521' title='bbox 1031 4251 1063 4300; x_wconf 89' lang='lat' dir='ltr'><strong>D.</strong></span> <span class='ocrx_word' id='word_1_522' title='bbox 1078 4251 1192 4299; x_wconf 74' lang='lat' dir='ltr'><strong>Remesu.</strong></span> 
     </span>
    </p>

    <p class='ocr_par' dir='ltr' id='par_1_13' title="bbox 71 4314 1389 4832">
     <span class='ocr_line' id='line_1_45' title="bbox 71 4314 1355 4378; baseline 0.003 -17"><span class='ocrx_word' id='word_1_523' title='bbox 71 4314 173 4378; x_wconf 78' lang='lat' dir='ltr'><strong>integrus</strong></span> <span class='ocrx_word' id='word_1_524' title='bbox 184 4331 225 4362; x_wconf 86' lang='lat' dir='ltr'><strong>seu</strong></span> <span class='ocrx_word' id='word_1_525' title='bbox 237 4316 309 4362; x_wconf 84' lang='lat' dir='ltr'><strong>exitu</strong></span> <span class='ocrx_word' id='word_1_526' title='bbox 321 4327 344 4362; x_wconf 87' lang='lat' dir='ltr'><strong>et</strong></span> <span class='ocrx_word' id='word_1_527' title='bbox 355 4315 430 4362; x_wconf 82' lang='lat' dir='ltr'><strong>reditu</strong></span> <span class='ocrx_word' id='word_1_528' title='bbox 441 4315 579 4376; x_wconf 80' lang='lat' dir='ltr'><strong>compositos</strong></span> <span class='ocrx_word' id='word_1_529' title='bbox 589 4315 698 4376; x_wconf 78' lang='lat' dir='ltr'><strong>perirem</strong></span> <span class='ocrx_word' id='word_1_530' title='bbox 763 4315 797 4375; x_wconf 84' lang='lat'><strong>(⁰)</strong></span> <span class='ocrx_word' id='word_1_531' title='bbox 810 4319 824 4345; x_wconf 67' lang='lat'><strong><em>⁴</em></strong></span> <span class='ocrx_word' id='word_1_532' title='bbox 837 4317 919 4363; x_wconf 80' lang='lat' dir='ltr'><strong>Erunt</strong></span> <span class='ocrx_word' id='word_1_533' title='bbox 929 4325 958 4364; x_wconf 85' lang='lat' dir='ltr'><strong>ut</strong></span> <span class='ocrx_word' id='word_1_534' title='bbox 967 4318 1035 4362; x_wconf 74' lang='lat' dir='ltr'><strong>iidem</strong></span> <span class='ocrx_word' id='word_1_535' title='bbox 1044 4324 1128 4363; x_wconf 82' lang='lat' dir='ltr'><strong>motos.</strong></span> <span class='ocrx_word' id='word_1_536' title='bbox 1157 4315 1240 4362; x_wconf 73' lang='lat' dir='ltr'><strong>Mones</strong></span> <span class='ocrx_word' id='word_1_537' title='bbox 1250 4316 1313 4363; x_wconf 90' lang='lat' dir='ltr'><strong>enim</strong></span> <span class='ocrx_word' id='word_1_538' title='bbox 1320 4316 1355 4365; x_wconf 91' lang='lat' dir='ltr'><strong>illi</strong></span> 
     </span>
     <span class='ocr_line' id='line_1_46' title="bbox 72 4379 1354 4442; baseline 0.002 -16"><span class='ocrx_word' id='word_1_539' title='bbox 72 4389 172 4442; x_wconf 83' lang='lat' dir='ltr'><strong>nequest</strong></span> <span class='ocrx_word' id='word_1_540' title='bbox 189 4394 238 4441; x_wconf 91' lang='lat' dir='ltr'><strong>quo</strong></span> <span class='ocrx_word' id='word_1_541' title='bbox 255 4389 359 4438; x_wconf 85' lang='lat' dir='ltr'><strong>tempore</strong></span> <span class='ocrx_word' id='word_1_542' title='bbox 377 4379 458 4440; x_wconf 84' lang='lat' dir='ltr'><strong>pulsus</strong></span> <span class='ocrx_word' id='word_1_543' title='bbox 476 4379 535 4428; x_wconf 85' lang='lat' dir='ltr'><strong>s&#39;eris</strong></span> <span class='ocrx_word' id='word_1_544' title='bbox 550 4379 698 4426; x_wconf 79' lang='lat' dir='ltr'><strong>latitudInem</strong></span> <span class='ocrx_word' id='word_1_545' title='bbox 730 4389 786 4426; x_wconf 89' lang='lat' dir='ltr'><strong>sunt</strong></span> <span class='ocrx_word' id='word_1_546' title='bbox 796 4379 833 4425; x_wconf 82' lang='lat' dir='ltr'><strong>vel</strong></span> <span class='ocrx_word' id='word_1_547' title='bbox 842 4395 919 4425; x_wconf 84' lang='lat' dir='ltr'><strong>csnsse</strong></span> <span class='ocrx_word' id='word_1_548' title='bbox 929 4380 967 4426; x_wconf 83' lang='lat' dir='ltr'><strong>vel</strong></span> <span class='ocrx_word' id='word_1_549' title='bbox 977 4379 1074 4436; x_wconf 79' lang='lat' dir='ltr'><strong>effectus</strong></span> <span class='ocrx_word' id='word_1_550' title='bbox 1089 4380 1251 4426; x_wconf 77' lang='lat' dir='ltr'><strong>connectionis</strong></span> <span class='ocrx_word' id='word_1_551' title='bbox 1261 4390 1285 4427; x_wconf 91' lang='lat' dir='ltr'><strong>et</strong></span> <span class='ocrx_word' id='word_1_552' title='bbox 1295 4381 1354 4429; x_wconf 82' lang='lat' dir='ltr'><strong>dils-</strong></span> 
     </span>
     <span class='ocr_line' id='line_1_47' title="bbox 72 4442 1351 4506; baseline 0.003 -17"><span class='ocrx_word' id='word_1_553' title='bbox 72 4453 136 4489; x_wconf 79' lang='lat' dir='ltr'><strong>sitnm</strong></span> <span class='ocrx_word' id='word_1_554' title='bbox 148 4442 265 4500; x_wconf 86' lang='lat' dir='ltr'><strong>describit,</strong></span> <span class='ocrx_word' id='word_1_555' title='bbox 282 4443 353 4504; x_wconf 83' lang='lat' dir='ltr'><strong>possit</strong></span> <span class='ocrx_word' id='word_1_556' title='bbox 369 4452 447 4490; x_wconf 76' lang='lat' dir='ltr'><strong>temen</strong></span> <span class='ocrx_word' id='word_1_557' title='bbox 459 4443 483 4490; x_wconf 92' lang='lat' dir='ltr'><strong>in</strong></span> <span class='ocrx_word' id='word_1_558' title='bbox 494 4453 570 4504; x_wconf 82' lang='lat' dir='ltr'><strong>partes</strong></span> <span class='ocrx_word' id='word_1_559' title='bbox 586 4443 698 4506; x_wconf 76' lang='lat' dir='ltr'><strong>aliquotas</strong></span> <span class='ocrx_word' id='word_1_560' title='bbox 730 4443 824 4490; x_wconf 82' lang='lat' dir='ltr'><strong>tutionis</strong></span> <span class='ocrx_word' id='word_1_561' title='bbox 839 4442 940 4503; x_wconf 80' lang='lat' dir='ltr'><strong>partium</strong></span> <span class='ocrx_word' id='word_1_562' title='bbox 957 4443 982 4488; x_wconf 90' lang='lat' dir='ltr'><strong>in</strong></span> <span class='ocrx_word' id='word_1_563' title='bbox 998 4442 1104 4502; x_wconf 85' lang='lat' dir='ltr'><strong>pulsibus</strong></span> <span class='ocrx_word' id='word_1_564' title='bbox 1113 4443 1351 4504; x_wconf 86' lang='lat' dir='ltr'><strong>correspondentium.</strong></span> 
     </span>
     <span class='ocr_line' id='line_1_48' title="bbox 73 4503 1353 4569; baseline 0.002 -17"><span class='ocrx_word' id='word_1_565' title='bbox 73 4503 209 4568; x_wconf 75' lang='lat' dir='ltr'><strong>hujusmodi</strong></span> <span class='ocrx_word' id='word_1_566' title='bbox 221 4507 386 4555; x_wconf 81' lang='lat' dir='ltr'><strong>sibratIonibus</strong></span> <span class='ocrx_word' id='word_1_567' title='bbox 397 4507 697 4569; x_wconf 74' lang='lat' dir='ltr'><strong>persgcnrlissprssdividi3</strong></span> <span class='ocrx_word' id='word_1_568' title='bbox 733 4507 794 4554; x_wconf 80' lang='lat' dir='ltr'><strong>Haec</strong></span> <span class='ocrx_word' id='word_1_569' title='bbox 803 4517 883 4553; x_wconf 81' lang='lat' dir='ltr'><strong>temen</strong></span> <span class='ocrx_word' id='word_1_570' title='bbox 894 4506 1012 4566; x_wconf 87' lang='lat' dir='ltr'><strong>proportio</strong></span> <span class='ocrx_word' id='word_1_571' title='bbox 1027 4515 1133 4554; x_wconf 83' lang='lat' dir='ltr'><strong>sccnrsts</strong></span> <span class='ocrx_word' id='word_1_572' title='bbox 1144 4522 1191 4554; x_wconf 88' lang='lat' dir='ltr'><strong>non</strong></span> <span class='ocrx_word' id='word_1_573' title='bbox 1202 4517 1244 4563; x_wconf 82' lang='lat' dir='ltr'><strong>est,</strong></span> <span class='ocrx_word' id='word_1_574' title='bbox 1262 4508 1281 4554; x_wconf 90' lang='lat' dir='ltr'><strong>si</strong></span> <span class='ocrx_word' id='word_1_575' title='bbox 1297 4525 1353 4557; x_wconf 89' lang='lat' dir='ltr'><strong>con-</strong></span> 
     </span>
     <span class='ocr_line' id='line_1_49' title="bbox 73 4569 1353 4634; baseline 0.002 -18"><span class='ocrx_word' id='word_1_576' title='bbox 73 4581 147 4629; x_wconf 77' lang='lat' dir='ltr'><strong>pertus</strong></span> <span class='ocrx_word' id='word_1_577' title='bbox 168 4571 225 4627; x_wconf 76' lang='lat' dir='ltr'><strong>ills,</strong></span> <span class='ocrx_word' id='word_1_578' title='bbox 247 4571 418 4632; x_wconf 85' lang='lat' dir='ltr'><strong>quiescentibus</strong></span> <span class='ocrx_word' id='word_1_579' title='bbox 439 4572 578 4618; x_wconf 76' lang='lat' dir='ltr'><strong>diuisionum</strong></span> <span class='ocrx_word' id='word_1_580' title='bbox 597 4573 697 4632; x_wconf 87' lang='lat' dir='ltr'><strong>punctis,</strong></span> <span class='ocrx_word' id='word_1_581' title='bbox 730 4569 1353 4634; x_wconf 75' lang='lat' dir='ltr'><strong>troctIonesetdilatationessintvsldeintensae‚quem-</strong></span> 
     </span>
     <span class='ocr_line' id='line_1_50' title="bbox 72 4633 1352 4697; baseline 0 -17"><span class='ocrx_word' id='word_1_582' title='bbox 72 4643 228 4696; x_wconf 86' lang='lat' dir='ltr'><strong>congruenter</strong></span> <span class='ocrx_word' id='word_1_583' title='bbox 238 4635 267 4680; x_wconf 90' lang='lat' dir='ltr'><strong>ud</strong></span> <span class='ocrx_word' id='word_1_584' title='bbox 277 4635 390 4694; x_wconf 87' lang='lat' dir='ltr'><strong>pulsuum</strong></span> <span class='ocrx_word' id='word_1_585' title='bbox 401 4650 520 4682; x_wconf 89' lang='lat' dir='ltr'><strong>recursum</strong></span> <span class='ocrx_word' id='word_1_586' title='bbox 531 4635 615 4682; x_wconf 83' lang='lat' dir='ltr'><strong>sensim</strong></span> <span class='ocrx_word' id='word_1_587' title='bbox 625 4633 699 4697; x_wconf 77' lang='lat' dir='ltr'><strong>egitr-</strong></span> <span class='ocrx_word' id='word_1_588' title='bbox 730 4633 859 4681; x_wconf 83' lang='lat' dir='ltr'><strong>sdmodunr</strong></span> <span class='ocrx_word' id='word_1_589' title='bbox 874 4633 894 4680; x_wconf 89' lang='lat' dir='ltr'><strong>si</strong></span> <span class='ocrx_word' id='word_1_590' title='bbox 909 4633 994 4680; x_wconf 76' lang='lat' dir='ltr'><strong>chorda</strong></span> <span class='ocrx_word' id='word_1_591' title='bbox 1009 4634 1097 4681; x_wconf 80' lang='lat' dir='ltr'><strong>musice</strong></span> <span class='ocrx_word' id='word_1_592' title='bbox 1113 4635 1187 4684; x_wconf 70' lang='lat' dir='ltr'><strong>nimii</strong></span> <span class='ocrx_word' id='word_1_593' title='bbox 1202 4637 1224 4682; x_wconf 81' lang='lat' dir='ltr'><strong>vi</strong></span> <span class='ocrx_word' id='word_1_594' title='bbox 1240 4637 1352 4696; x_wconf 87' lang='lat' dir='ltr'><strong>pulsetur,</strong></span> 
     </span>
     <span class='ocr_line' id='line_1_51' title="bbox 72 4697 1353 4762; baseline 0.001 -18"><span class='ocrx_word' id='word_1_595' title='bbox 72 4697 168 4754; x_wconf 85' lang='lat' dir='ltr'><strong>buntur,</strong></span> <span class='ocrx_word' id='word_1_596' title='bbox 179 4697 364 4760; x_wconf 79' lang='lat' dir='ltr'><strong>vibrationesque</strong></span> <span class='ocrx_word' id='word_1_597' title='bbox 374 4714 428 4746; x_wconf 80' lang='lat' dir='ltr'><strong>suns</strong></span> <span class='ocrx_word' id='word_1_598' title='bbox 438 4715 492 4746; x_wconf 89' lang='lat' dir='ltr'><strong>cum</strong></span> <span class='ocrx_word' id='word_1_599' title='bbox 503 4698 609 4758; x_wconf 82' lang='lat' dir='ltr'><strong>pulsibus</strong></span> <span class='ocrx_word' id='word_1_600' title='bbox 618 4700 699 4746; x_wconf 88' lang='lat' dir='ltr'><strong>uniso-</strong></span> <span class='ocrx_word' id='word_1_601' title='bbox 730 4698 765 4744; x_wconf 87' lang='lat' dir='ltr'><strong>vis</strong></span> <span class='ocrx_word' id='word_1_602' title='bbox 782 4699 867 4745; x_wconf 82' lang='lat' dir='ltr'><strong>rnotrix</strong></span> <span class='ocrx_word' id='word_1_603' title='bbox 886 4698 1052 4758; x_wconf 81' lang='lat' dir='ltr'><strong>porticulsrum</strong></span> <span class='ocrx_word' id='word_1_604' title='bbox 1069 4699 1120 4762; x_wconf 84' lang='lat' dir='ltr'><strong>ejus</strong></span> <span class='ocrx_word' id='word_1_605' title='bbox 1136 4716 1184 4748; x_wconf 90' lang='lat' dir='ltr'><strong>uon</strong></span> <span class='ocrx_word' id='word_1_606' title='bbox 1201 4709 1236 4747; x_wconf 83' lang='lat' dir='ltr'><strong>est</strong></span> <span class='ocrx_word' id='word_1_607' title='bbox 1253 4701 1353 4759; x_wconf 72' lang='lat' dir='ltr'><strong>amplios</strong></span> 
     </span>
     <span class='ocr_line' id='line_1_52' title="bbox 71 4759 1389 4832; baseline 0.002 -24"><span class='ocrx_word' id='word_1_608' title='bbox 71 4774 110 4808; x_wconf 84' lang='lat' dir='ltr'><strong>nus</strong></span> <span class='ocrx_word' id='word_1_609' title='bbox 121 4759 224 4824; x_wconf 71' lang='lat' dir='ltr'><strong>singulte</strong></span> <span class='ocrx_word' id='word_1_610' title='bbox 235 4761 362 4822; x_wconf 83' lang='lat' dir='ltr'><strong>perficient.</strong></span> <span class='ocrx_word' id='word_1_611' title='bbox 391 4764 415 4810; x_wconf 85' lang='lat' dir='ltr'><strong>si</strong></span> <span class='ocrx_word' id='word_1_612' title='bbox 426 4761 480 4810; x_wconf 81' lang='lat' dir='ltr'><strong>verb</strong></span> <span class='ocrx_word' id='word_1_613' title='bbox 489 4763 552 4812; x_wconf 84' lang='lat' dir='ltr'><strong>nervi</strong></span> <span class='ocrx_word' id='word_1_614' title='bbox 563 4766 611 4811; x_wconf 86' lang='lat' dir='ltr'><strong>duo</strong></span> <span class='ocrx_word' id='word_1_615' title='bbox 621 4763 698 4823; x_wconf 82' lang='lat' dir='ltr'><strong>proxi·</strong></span> <span class='ocrx_word' id='word_1_616' title='bbox 713 4762 905 4832; x_wconf 61' lang='lat' dir='ltr'><strong>‚proportionalis</strong></span> <span class='ocrx_word' id='word_1_617' title='bbox 918 4762 997 4824; x_wconf 76' lang='lat' dir='ltr'><strong>spsu&#39;b</strong></span> <span class='ocrx_word' id='word_1_618' title='bbox 1011 4777 1053 4824; x_wconf 87' lang='lat' dir='ltr'><strong>per</strong></span> <span class='ocrx_word' id='word_1_619' title='bbox 1066 4778 1121 4826; x_wconf 81' lang='lat' dir='ltr'><strong>quse</strong></span> <span class='ocrx_word' id='word_1_620' title='bbox 1136 4764 1204 4813; x_wconf 85' lang='lat' dir='ltr'><strong>debet</strong></span> <span class='ocrx_word' id='word_1_621' title='bbox 1218 4764 1312 4822; x_wconf 83' lang='lat' dir='ltr'><strong>moveri,</strong></span> <span class='ocrx_word' id='word_1_622' title='bbox 1328 4771 1353 4810; x_wconf 88' lang='lat' dir='ltr'><strong>et</strong></span> <span class='ocrx_word' id='word_1_623' title='bbox 1383 4811 1389 4822; x_wconf 72' lang='lat'>‚</span> 
     </span>
    </p>
   </div>
   <div class='ocr_carea' id='block_1_12' title="bbox 0 0 1642 5650">
    <p class='ocr_par' dir='ltr' id='par_1_14' title="bbox 0 0 1642 5650">
     <span class='ocr_line' id='line_1_53' title="bbox 0 0 1642 5650; baseline 0 7"><span class='ocrx_word' id='word_1_624' title='bbox 0 0 1642 5650; x_wconf 95' lang='lat' dir='ltr'><strong> </strong></span> 
     </span>
    </p>
   </div>
  </div>
 </body>
</html>
