3275 5650
102 412 394 493 naussum]
416 384 668 482 'ensuerunt
692 416 1060 488 Muuunuuuca.
1324 434 1387 493 ees

103 594 209 647 autern
224 581 417 667 temporibus
429 582 494 650 itirs
507 594 538 649 et
551 583 668 649 reditits
683 584 778 651 muns
789 585 898 657 eundo
912 571 1092 654 latitudines
1114 612 1185 655 suus
1207 594 1384 673 couniunt,

101 692 236 769 hooest,
258 678 360 775 spatis
377 693 570 778 temporibus
581 695 827 780 proportionata
845 708 1050 779 percttnuntr
1075 708 1108 761 et
1126 712 1293 785 propterea
1313 715 1385 767 sunt

102 794 317 887 aequiuelooes.
1268 847 1270 856 ,

145 910 216 973 Cas.
234 918 264 971 3.
288 907 328 971 In
341 907 452 973 mediis
466 908 562 995 igitur
583 909 736 977 densitate
750 922 781 979 et
795 912 827 976 vi
839 912 965 977 electiori
986 915 1122 998 paribus,
1145 918 1254 1000 pulsus
1276 940 1383 982 omnes

102 1025 175 1079 sunt
197 1014 407 1099 oequivelooes.
453 1014 549 1091 Quod
564 1016 588 1079 si
603 1017 697 1081 medii
711 1018 761 1083 vel
774 1018 911 1083 densitas
926 1020 976 1083 vel
990 1020 1035 1084 vis
1049 1021 1174 1086 elestica
1192 1022 1381 1100 intendetur,

100 1121 250 1207 quoniam
263 1120 309 1187 vis
324 1120 440 1187 motrix
453 1121 487 1183 iu
501 1121 680 1187 reticueris
694 1123 839 1203 elesticae,
862 1136 894 1189 et
907 1126 1035 1192 materia
1047 1128 1202 1193 movenda
1214 1128 1248 1191 in
1262 1130 1383 1196 mtione

99 1229 261 1293 densitatis
288 1242 437 1315 augetur3
464 1230 498 1315 (θ)
522 1242 656 1315 tempus,
678 1253 741 1316 quo
765 1245 869 1297 motus
892 1234 988 1297 iidem
1011 1248 1200 1323 peraguntur
1224 1259 1261 1299 nc
1282 1239 1379 1321 prius,

98 1336 263 1421 augebitur
277 1335 310 1397 in
325 1334 539 1419 subduplicetri
553 1336 675 1401 ratione
687 1337 857 1415 densitatis,
874 1360 911 1403 sc
924 1334 1114 1407 diminuetur
1122 1341 1157 1403 in·
1164 1342 1379 1426 subduplicatd

97 1442 218 1503 ratione
233 1440 279 1504 vis
290 1440 433 1505 elesticae.
479 1441 522 1505 Et
535 1454 702 1527 propterea
716 1444 863 1509 velocitas
876 1445 1024 1529 pulsuum
1039 1446 1099 1511 erit
1111 1448 1145 1509 in
1158 1448 1278 1513 ratione
1293 1471 1378 1513 com·

97 1546 199 1632 positi
215 1568 256 1611 ex
270 1548 389 1610 ratione
405 1546 619 1631 subduplicatsi
643 1549 800 1615 densitatis
821 1551 917 1617 medii
937 1551 1059 1617 inverse
1072 1565 1105 1618 et
1125 1556 1245 1619 natione
1259 1555 1379 1620 subdu-

97 1654 209 1739 plicetai
224 1656 270 1717 vis
285 1654 417 1719 elnsticae
431 1654 557 1720 directi.
602 1656 644 1733 Q.
661 1680 687 1721 e.
703 1657 734 1721 d.

140 1760 229 1825 Haec·
240 1761 416 1847 Propositio
431 1761 558 1827 tdterius
572 1763 691 1847 patebit
705 1785 744 1827 ex
759 1766 987 1831 constructione
1001 1769 1152 1852 sequenti.

320 2029 602 2099 PROPOSITIO
625 2034 754 2099 XLIX.
801 2034 1059 2101 PROBLEMA
1082 2035 1145 2101 XI.

178 2230 275 2293 Datis
289 2229 380 2291 medii
393 2228 540 2321 eternitate
554 2238 583 2291 et
597 2230 628 2291 ui
641 2225 776 2305 elusticti,
801 2230 937 2292 invenire
950 2232 1132 2293 velocitatem
1140 2237 1288 2311 pctsunm.

136 2416 306 2506 Fingamus
320 2416 458 2481 medium
472 2416 513 2481 sb
527 2416 730 2480 incumbente·
738 2416 883 2499 pondere·
892 2432 952 2500 pto
964 2428 1056 2480 more
1074 2418 1154 2481 aeris
1175 2419 1275 2482 nostri
1286 2440 1374 2482 corn-

91 2524 201 2609 primi3
216 2525 315 2609 sitque
331 2524 364 2587 Α
377 2522 508 2587 ubitudo
522 2522 616 2585 medii
630 2522 830 2607 homogeuei,
849 2524 938 2606 cujus
951 2522 1076 2608 pondus
1090 2523 1235 2607 adaequet
1248 2525 1374 2607 pondus

93 2628 284 2707 incumbens,
301 2639 333 2693 et
346 2632 432 2714 cujus
446 2628 581 2693 densitas
597 2628 706 2693 cedern
720 2628 759 2693 sit
774 2650 847 2691 cum
860 2628 1014 2693 densitate
1026 2628 1122 2693 medii
1135 2632 1319 2715 compeessi,
1338 2632 1373 2693 in

92 2760 153 2826 quo
174 2738 283 2824 pulsus
303 2750 524 2826 propaguntur.
570 2738 729 2803 Constitui·
746 2750 851 2803 eutem
871 2738 1061 2827 intelligutur
1078 2740 1259 2824 pendulum,
1283 2740 1371 2825 cujus

121 2951 154 3016 (ἵ)
170 2953 277 3014 Tempus,
292 2969 337 3015 quo
348 2961 423 3002 notus
432 2954 503 3000 iidem
510 2953 710 3014 remundus·
745 2952 841 3000 ficiunt:
860 2949 911 3000 unt
919 2951 976 3002 veo
984 2952 1102 3001 tir-audem
1113 2957 1165 3003 aen
1175 2955 1281 3013 producti
1292 2955 1369 3003 eoin.

92 3015 198 3075 Tempus
207 3031 255 3076 quo
265 3025 344 3062 motus
354 3031 395 3074 per
406 3015 504 3077 aequalia
515 3017 588 3074 spatia
597 3031 713 3078 peragun-
744 3017 855 3063 tensiores
865 3025 927 3070 sunt,
938 3027 1047 3064 manente
1057 3026 1120 3074 tono,
1132 3033 1180 3080 quo
1190 3019 1367 3080 majtuestspa-
1391 3019 1401 3034 ¹

89 3088 127 3126 tur
137 3090 173 3125 est
184 3079 209 3124 in
220 3080 309 3126 ratione
325 3077 454 3138 compositi·
464 3091 492 3124 ex
504 3077 665 3139 subduplicctri
676 3091 714 3126 ta·
744 3081 804 3126 tium
820 3079 884 3140 qnod
898 3079 957 3126 oe'tis
974 3081 1094 3141 particule
1110 3079 1193 3128 eundo
1207 3091 1232 3127 et
1248 3081 1367 3128 redeundo

88 3144 151 3190 tione
167 3143 271 3190 euteria
285 3142 406 3189 movenda·
422 3141 508 3192 directe
518 3151 542 3188 at
552 3141 713 3202 subduplicutd
743 3143 878 3191 describunt
894 3143 949 3190 dcto
964 3153 1082 3203 tempore3
1102 3154 1130 3190 ut
1147 3145 1166 3190 si
1182 3143 1367 3192 cltordamrrsict

87 3206 180 3252 mione
194 3207 229 3254 ris
244 3206 346 3254 metricis
362 3205 450 3254 inverse
462 3211 514 3269 (per
532 3206 584 3253 Cor.
595 3210 618 3253 5.
638 3205 708 3266 Prop.
744 3206 843 3254 validius
853 3207 966 3266 pulsetur,
982 3208 1081 3269 majores
1087 3209 1229 3255 ‚vibrationes
1239 3207 1294 3254 dcto
1304 3217 1365 3254 tems
1439 3257 1442 3262 ,

88 3269 208 3330 xxiv.)
227 3265 328 3332 idedque
345 3270 371 3316 in
388 3272 432 3317 hoo
448 3269 516 3316 tertio
532 3284 593 3324 essu,
610 3278 709 3329 tempus,
742 3285 798 3330 pore
808 3271 905 3332 peragit,
916 3271 1226 3333 maiorequeoscillationee
1238 3271 1366 3330 particule·

87 3343 198 3380 menente
207 3333 283 3394 spatio
293 3332 413 3392 descripto,
425 3332 548 3394 augebitur
557 3333 582 3378 in
591 3331 712 3391 subdupli·
742 3349 795 3381 rum
806 3334 865 3381 aeris
875 3334 966 3389 excitet,
983 3343 1008 3380 et
1022 3349 1093 3382 sonus
1108 3334 1219 3380 intensior
1228 3334 1364 3395 percipitur,

86 3396 139 3444 eati
148 3398 238 3444 ratione
248 3396 374 3452 densitatis,
389 3411 416 3444 ce
431 3395 575 3444 diminuetur
584 3396 610 3442 in
620 3393 709 3442 subdu-
740 3397 796 3444 licet
805 3403 876 3445 tonus
886 3396 949 3444 idem
959 3407 1054 3444 maneat
1064 3407 1088 3444 et
1097 3396 1197 3458 proinde
1205 3398 1318 3458 pulsuum
1328 3396 1363 3446 la·

86 3460 171 3522 plicatis
181 3460 312 3509 ntionevis
322 3461 427 3517 classice,
440 3469 463 3506 et
474 3457 593 3520 propterel
600 3458 709 3506 velocitas
740 3459 816 3506 titudo
835 3475 863 3507 ac
877 3460 986 3507 velocitas
1001 3476 1049 3507 non
1064 3470 1191 3509 mutentur.
1229 3460 1290 3508 Cium
1306 3477 1363 3524 ergo

85 3539 139 3586 quse
156 3534 191 3572 est
201 3533 229 3571 ut
239 3523 339 3584 spatium
358 3523 444 3571 directe
462 3532 485 3570 et
501 3531 592 3583 tempus
610 3521 707 3580 inversi,
740 3532 805 3570 tants
816 3525 846 3570 sit
856 3522 963 3570 velocius
980 3524 1039 3571 lucis
1049 3534 1077 3572 ut
1090 3539 1130 3584 per
1146 3525 1321 3585 strnosphaersm
1337 3525 1362 3570 in

87 3591 129 3651 (ob
145 3588 228 3635 dutum
246 3587 347 3647 spatium
362 3603 403 3647 per
420 3586 501 3649 Hyp)
519 3587 563 3634 erit
580 3587 605 3632 iu
622 3585 710 3634 ratione
740 3587 835 3634 instanti
845 3587 922 3650 quoad
933 3602 1028 3635 sensum
1039 3597 1179 3651 propagetur
1189 3591 1242 3651 (per
1252 3588 1321 3635 schol.
1332 3588 1365 3634 ad

86 3651 253 3710 compositast
264 3651 352 3698 ratione
363 3649 523 3710 subduplicati
533 3650 651 3697 densitatis
660 3665 709 3698 me-
743 3649 814 3711 Prop.
829 3652 926 3699 xcvl.
940 3653 994 3699 Lib.
1009 3652 1062 3709 1.);
1109 3667 1181 3699 sonus
1191 3662 1215 3698 et
1225 3651 1266 3696 lux
1277 3651 1359 3697 eodem
1374 3673 1378 3679 ·

86 3714 118 3761 dii
128 3712 228 3771 inverse,
246 3724 269 3762 et
284 3713 374 3762 ratione
389 3711 547 3772 subduplicatri
559 3715 595 3760 vis
610 3713 709 3760 olesticae
740 3723 830 3774 puncto
840 3715 950 3773 temporis
961 3715 1095 3768 excitentur,
1107 3714 1143 3760 uti
1152 3714 1177 3758 in
1188 3713 1301 3760 machinis
1311 3714 1357 3771 bel-

86 3777 188 3836 direct&
205 3775 247 3824 sed
262 3777 321 3825 datis
336 3777 407 3823 medii
419 3777 531 3824 densitate
541 3783 565 3822 et
575 3777 596 3822 vi
607 3774 707 3834 elustici,
740 3777 789 3823 licis
799 3775 1008 3838 flemmsett'mgor
1013 3776 1174 3836 producuntur
1179 3775 1256 3830 simul,
1263 3785 1286 3822 et
1294 3791 1357 3834 spec·

85 3841 196 3888 velocitas
211 3841 331 3902 pulsuum,
348 3850 475 3902 utcumque
485 3840 585 3886 varietur
600 3840 708 3898 spatium,
739 3848 799 3886 tator
816 3840 917 3898 spatim
935 3854 983 3900 quo
1001 3855 1016 3886 a
1032 3853 1126 3899 corpore
1143 3848 1264 3886 resonante
1281 3839 1361 3896 distat,
1377 3826 1382 3878 i

84 3903 140 3952 deta
154 3913 195 3960 est,
214 3908 266 3967 (per
277 3905 329 3951 Ces.
346 3909 366 3951 1.
379 3913 403 3950 et
414 3903 450 3964 2.)
467 3901 522 3964 ergd
537 3901 645 3949 velocitas
655 3903 707 3961 pul·
739 3912 877 3965 tempusque
893 3904 959 3966 quod
973 3902 1034 3950 inter
1050 3902 1146 3949 luminis
1156 3908 1180 3951 et
1195 3903 1245 3949 soni
1264 3917 1358 3963 percep·

84 3981 155 4019 suurn
167 3968 212 4015 erit
222 3983 311 4028 semper
321 3965 707 4026 inrationeeomposiuiexratione
737 3966 812 4014 tiones
827 3967 955 4024 intercedit,
971 3966 1117 4023 dimediatur,
1133 3967 1184 4012 soni
1199 3966 1306 4013 velocitas
1321 3967 1358 4011 in-

84 4031 247 4091 subduplicati
262 4031 380 4078 densitatis
389 4029 460 4078 medii
475 4027 564 4076 inverse
579 4038 603 4077 et
618 4029 707 4076 ratione
737 4037 846 4076 notescet.
883 4032 963 4094 Atque
979 4045 1007 4076 eo
1022 4031 1093 4077 modo
1103 4029 1128 4075 in
1143 4029 1211 4076 ratiis
1226 4029 1359 4091 regiondsus

84 4094 248 4154 mbduplicani
258 4095 292 4140 vis
302 4094 400 4142 elesticae
410 4091 501 4140 directe
738 4091 801 4140 varia
811 4094 929 4141 olserrata
937 4105 971 4142 est
981 4093 1088 4140 velocitas
1097 4093 1156 4150 soni,
1168 4095 1223 4140 etin
1233 4093 1321 4155 Anglii
1329 4090 1359 4141 eis

117 4163 171 4206 318.
193 4159 233 4205 Ex
243 4157 287 4204 hele
300 4157 461 4218 Propositione
471 4164 533 4217 petet
543 4169 586 4204 cur
595 4156 646 4204 soni
656 4168 718 4203 orn··
739 4155 854 4204 celeritate
862 4157 926 4215 ferri,
938 4157 1078 4205 Flamstedio
1088 4166 1112 4204 et
1123 4154 1305 4218 Helleyov'num
1314 4167 1358 4213 est,

83 4221 121 4267 nis
131 4223 230 4283 generis,
247 4221 323 4284 gravis
333 4231 357 4268 et
367 4231 457 4278 acutus,
475 4221 580 4268 intensus
591 4230 614 4266 et
629 4220 708 4266 remis·
739 4219 786 4284 qni
796 4219 866 4280 pedes
877 4221 1038 4268 Londinenses
1048 4220 1102 4281 plus
1112 4220 1190 4266 minus
1205 4226 1272 4276 tlte,
1291 4219 1358 4268 Pari-

84 4299 132 4342 sns,
150 4286 200 4344 pari
213 4284 332 4332 velocitate
342 4284 367 4330 in
379 4284 461 4330 eodem
477 4286 527 4331 a‘e're
543 4293 706 4346 propagentur.
740 4283 825 4332 aienses
835 4283 889 4332 verb
901 4291 969 4340 1070,
982 4293 1084 4344 tempore
1094 4283 1179 4330 minuti
1189 4285 1260 4331 unius
1275 4299 1359 4332 secun.

84 4348 149 4395 Nam
160 4363 270 4396 sonorum
279 4348 402 4401 diversitas,
410 4347 487 4410 quoad
496 4356 706 4408 graueetacutum,
740 4347 764 4394 di
775 4359 924 4408 percurreret.
958 4348 1022 4402 Quia
1031 4346 1085 4394 verb
1093 4347 1194 4394 densitas
1203 4357 1227 4394 et
1237 4347 1272 4394 vis
1282 4349 1359 4397 elersti-

82 4427 97 4458 a
107 4427 207 4458 numero
218 4412 329 4472 pulsuum
341 4412 415 4473 quiin
426 4413 478 4458 aere
489 4420 590 4470 tempore
601 4411 655 4458 drto
665 4425 706 4456 er·
738 4425 766 4460 ea
775 4411 833 4458 e'e'ris
843 4413 868 4458 in
876 4413 943 4458 variis
952 4413 1076 4460 Temnum
1084 4411 1147 4466 locis,
1159 4411 1299 4473 diversisque
1304 4412 1360 4459 anni

83 4477 191 4531 citantur,
213 4476 298 4537 pendet
318 4474 405 4584 q316);
428 4484 452 4521 at
472 4477 523 4536 (per
538 4477 598 4522 hauc
622 4473 705 4536 Prop.)
737 4474 911 4534 tempestatibus
932 4477 957 4522 in
978 4475 1059 4521 eodem
1080 4474 1132 4521 loco
1153 4484 1282 4533 mutantur,
1304 4475 1359 4522 inde

82 4534 163 4598 pulsus
174 4539 241 4596 neria,
254 4553 295 4586 seu
305 4555 321 4598 p
331 4553 383 4586 ures
394 4539 564 4598 seupauciores
579 4538 633 4584 dato
647 4547 706 4583 tern-
738 4553 833 4600 quoque
851 4539 936 4586 mutari
952 4548 1043 4600 oportet
1058 4539 1108 4584 soni
1119 4538 1271 4586 velocitatem.
1307 4541 1359 4586 mn

82 4615 137 4660 pore
147 4601 313 4661 producantur,
330 4601 411 4648 eidem
427 4617 518 4662 semper
532 4601 651 4648 velocitate
662 4599 707 4648 dif-
738 4601 852 4648 creditum
863 4613 906 4659 est,
923 4604 1095 4650 observantibus
1107 4603 1241 4659 Meraenno,
1259 4604 1359 4649 Gessen-

82 4663 250 4712 iundunturet
261 4666 431 4726 datotempore
442 4665 523 4714 datum
534 4666 635 4726 spatium
651 4677 706 4711 con·
738 4665 776 4719 do,
801 4675 825 4713 et
845 4666 994 4716 Academicis
1014 4666 1161 4725 Florentinis,
1178 4681 1262 4715 sonum
1283 4679 1360 4727 neque

114 4747 175 4794 Von.
190 4747 228 4795 II.
710 4747 732 4794 T
