3275 5650
291 438 352 495 rao
427 522 431 526 .
517 382 518 385 Ὺ
609 390 952 495 euriosornun
973 429 1246 495 nannenus
1291 430 1562 510 [noemma

289 598 376 663 fluidi
391 600 600 684 cujuscunque
617 598 649 663 G
660 598 732 673 HI,
749 598 835 683 quod
849 598 986 684 undique
994 594 1150 682 premitur
1159 599 1329 684 aequaliter,
1345 610 1449 683 partes
1463 621 1565 664 omnes

289 728 321 769 se
334 703 444 768 mutud
458 717 605 788 premunt
620 703 789 789 equaliter,
806 717 837 767 et
851 706 1110 797 quiescuntinter
1125 729 1168 769 se.
1215 706 1257 780 Q.
1273 728 1301 767 e.
1317 705 1348 769 d.

333 816 400 878 Cos.
417 824 447 879 6.
493 814 594 901 lgit'ur
608 813 634 875 si
648 812 779 875 fluidum
793 812 872 877 illud
884 812 999 877 invase
1012 814 1189 900 nonrigido
1203 813 1376 890 claudatur,
1393 827 1424 877 et
1433 814 1566 898 undique

288 946 352 987 non
363 936 525 1008 prematur
539 923 714 1009 aequaliter3
738 922 828 987 cedet
848 923 931 987 idem
952 923 1105 1007 pressioni
1119 922 1251 999 fortiori,
1272 944 1330 1006 per
1346 922 1566 986 Definitionem

291 1012 476 1095 statuatis.
545 1074 548 1081 .
1367 1037 1369 1042 ·
1490 1046 1493 1052 ·

306 1182 310 1185 -
333 1142 401 1207 Cas.
419 1146 448 1207 7.
493 1141 633 1226 Ideoque
646 1142 680 1203 in
696 1162 766 1203 vase
780 1138 884 1225 rigido
895 1138 1028 1201 fluidum
1042 1161 1107 1203 non
1121 1139 1285 1203 sustinebit
1305 1137 1492 1222 pressionem
1503 1136 1567 1199 for-

294 1245 405 1311 tiorem
426 1267 467 1309 ex
487 1268 551 1310 uno
562 1246 661 1309 latere
676 1242 769 1330 quim
784 1266 825 1306 ex
838 1243 910 1319 alio,
934 1243 990 1307 sed
1004 1242 1106 1306 eidem
1120 1243 1220 1321 cedet,
1244 1243 1339 1327 idque
1358 1242 1393 1303 in
1413 1252 1567 1305 momento

290 1354 546 1437 temperis„·quia
560 1354 640 1417 latus
663 1352 743 1415 vasis
765 1350 901 1437 rigidum
921 1371 986 1413 non
1007 1353 1202 1436 persequitur
1227 1351 1379 1437 liquorem
1401 1350 1566 1413 cedentem.
1610 1399 1613 1410 .

291 1459 441 1524 Cedendo
456 1470 560 1523 autern
574 1458 698 1545 urgebit
712 1457 792 1520 latus
814 1456 1002 1540 oppositum,
1024 1466 1057 1519 'et
1070 1458 1115 1520 sic
1128 1457 1247 1539 pressio
1261 1456 1399 1541 undique
1412 1456 1454 1519 nd
1467 1476 1568 1541 oequa·

289 1562 407 1628 litatem
422 1575 537 1651 verget.
583 1563 626 1626 Et
640 1561 789 1647 quoniam
802 1560 943 1636 fluidum,
960 1558 1055 1645 quiam
1068 1561 1205 1643 primum
1218 1572 1339 1644 aparte
1353 1560 1451 1647 magis
1465 1560 1568 1643 pressi

290 1672 433 1737 recedere
448 1682 586 1747 conatur,
603 1670 760 1733 inhibetur
773 1690 832 1753 per
845 1669 1050 1733 resistentiam
1063 1668 1143 1732 rosis
1158 1669 1200 1731 sd
1213 1669 1296 1733 letus
1310 1670 1501 1767 oppositum
1519 1690 1570 1732 re·

290 1778 422 1841 ducetur
436 1778 555 1862 pressio
569 1775 707 1860 undique
723 1774 763 1839 ad
777 1775 996 1861 equalitatem,
1011 1776 1045 1837 in
1058 1788 1217 1840 momento
1233 1777 1390 1859 temporis,
1407 1777 1471 1840 sine
1484 1789 1571 1841 motu

289 1866 396 1947 locali:
420 1896 452 1947 et
466 1882 597 1947 subinde
611 1894 714 1965 partes
728 1882 828 1959 fluidi,
853 1904 911 1965 per
927 1882 1043 1947 Casum
1065 1884 1217 1969 quintum,
1244 1906 1278 1947 se
1300 1882 1410 1947 mutuo
1430 1895 1570 1968 prement

289 1992 458 2077 aequaliter,
475 2003 507 2054 et
521 1991 679 2075 quiescent
694 1990 774 2052 inter
789 2012 832 2052 se.
878 1989 919 2063 Q.
935 2012 963 2051 e.
978 1989 1009 2050 d.

334 2100 432 2167 Corol.
479 2096 574 2163 Unde
591 2117 649 2159 nec
663 2108 765 2157 motus
781 2096 917 2178 partium
932 2093 1021 2157 fluidi
1035 2094 1117 2157 inter
1131 2117 1175 2171 se,
1191 2117 1248 2179 per
1260 2096 1453 2180 pressionem
1472 2094 1571 2157 fluido

290 2204 389 2267 ubivis
403 2204 437 2265 in
451 2201 578 2265 externi
594 2200 756 2284 superficie
771 2201 898 2276 illatam,
911 2202 1025 2263 mutari
1035 2216 1175 2284 possunt,
1191 2203 1252 2265 nisi
1262 2203 1414 2288 quitenus
1427 2201 1568 2287 autfigu··

290 2332 326 2372 ra
340 2307 512 2392 superficiei
527 2306 641 2370 alicubi
655 2316 803 2381 mutatur,
819 2318 873 2369 aut
887 2328 995 2369 omnes
1010 2286 1098 2368 fluidi
1112 2320 1215 2390 partes
1231 2308 1382 2373 intensius
1397 2308 1446 2374 rel
1459 2308 1566 2372 remis-

290 2412 355 2479 siirs
371 2435 438 2478 sese
452 2411 624 2496 premendo
640 2410 794 2477 difficilids
810 2411 859 2474 vel
872 2409 991 2475 facilius
1005 2411 1153 2476 labuntur
1166 2413 1247 2476 inter
1261 2436 1306 2486 se,

535 2757 818 2826 PROPOSITIO
842 2759 923 2824 XX.
967 2760 1237 2828 THEOREMA
1260 2763 1336 2828 XV.

293 2965 332 3051 (l)
347 2968 383 3032 Si
382 2967 484 3055 fluidi
497 2970 646 3049 sphaerici,
673 2979 703 3032 et
719 2970 752 3030 in
769 2971 935 3052 equalibus
948 2994 969 3033 a
983 2984 1084 3036 centro
1105 2975 1261 3039 distantiis
1281 2975 1460 3058 imnogenei,
1470 2972 1578 3056 fiendo

334 3079 479 3158 sphaerico
493 3082 676 3158 concentrz'co
691 3081 882 3144 incumbentis
889 3094 997 3164 partes
1010 3086 1137 3167 singulae
1147 3106 1244 3148 cerno
1254 3096 1384 3148 centrum
1399 3085 1487 3148 totius
1496 3105 1579 3167 gra-

298 3213 301 3218 ·
334 3188 449 3260 vitent,·
465 3189 589 3251 sustinet
591 3188 725 3271 sendum
735 3192 855 3270 pondus
869 3194 1010 3274 cylindri,
1027 3191 1109 3275 cujus
1123 3193 1203 3257 basis
1216 3195 1341 3276 aequelis
1356 3203 1398 3256 est
1411 3193 1581 3274 nipefficiei

323 3296 433 3380 fiendi,
449 3298 479 3359 e't
493 3297 623 3360 altitudo
638 3300 739 3360 eadem
754 3300 923 3384 quaefluidi
938 3301 1137 3364 incumbentis.

339 3489 386 3554 sit
407 3490 441 3553 D
464 3490 501 3553 H
524 3489 564 3554 M
586 3491 765 3575 superficies
787 3490 886 3568 fundi,
913 3504 945 3555 et
968 3494 998 3555 A
1022 3493 1052 3556 E
1074 3495 1091 3558 Ι
1113 3494 1291 3579 superficies
1315 3495 1454 3578 superior
1475 3493 1582 3559 fluidi.

295 3595 524 3680 Superficiebus
551 3596 710 3680 sphaericis
732 3597 903 3660 innumeris
920 3597 948 3660 B
965 3598 992 3660 F
1008 3597 1051 3675 K,
1075 3599 1103 3662 C
1118 3600 1152 3663 G
1167 3600 1195 3663 L
1216 3598 1423 3687 distinguetur
1443 3599 1585 3664 fluidum

254 3779 258 3786 Ι
292 3706 326 3768 in
349 3705 439 3767 orbes
461 3697 673 3768 concentricos
694 3704 855 3790 aequaliter
877 3726 1014 3780 crass0s3
1037 3706 1210 3790 etconcipe
1225 3707 1288 3769 vim
1302 3706 1461 3792 gravimtn
1479 3707 1586 3791 agere

293 3810 489 3875 solummodo
514 3811 547 3872 in
573 3810 766 3895 superlim'em
793 3811 985 3895 superiorem
999 3812 1084 3874 orbis
1107 3814 1266 3898 cujusque,
1291 3824 1324 3876 et
1347 3811 1482 3897 aequales
1508 3834 1587 3877 esse

292 3920 429 3984 actiones
444 3921 477 3981 in
491 3916 624 4001 aequales
639 3929 743 4001 partes
757 3917 992 4001 superficierum
1009 3919 1159 3982 omnium.
1206 3919 1362 3982 Premitur
1376 3939 1452 4004 ergo
1466 3939 1589 4000 super-

293 4027 378 4090 ficies
393 4049 536 4111 suprema
552 4026 583 4089 A
598 4026 627 4090 E
642 4027 672 4089 vi
687 4026 818 4110 simplici
832 4027 991 4113 gravitatis
1009 4027 1156 4111 propriae,
1180 4026 1241 4112 qula
1256 4039 1287 4090 et
1301 4048 1408 4091 omnes
1423 4027 1509 4090 orbis
1526 4050 1590 4090 su-

325 4215 360 4280 (l‘)
375 4221 426 4267 172.
444 4221 549 4283 Sijluidi
559 4220 669 4280 ariarici,
680 4218 721 4264 &c
757 4217 839 4264 Fluidi
848 4217 914 4280 quie-
946 4217 1016 4265 lelam
1022 4226 1055 4274 et,
1066 4220 1106 4280 (ex
1111 4215 1264 4277 Definitione)
1271 4215 1371 4263 fluidum
1379 4215 1509 4264 seeundum
1517 4217 1594 4272 huuc

294 4281 377 4326 scentia
387 4281 518 4340 superficies
528 4281 558 4329 ad
574 4281 690 4343 gravitatis
700 4280 848 4328 directionem
864 4297 916 4342 per·
948 4281 1098 4328 directionem
1109 4280 1246 4336 movebitur,
1265 4290 1346 4333 ccntm
1363 4281 1429 4342 Hyp.
1464 4279 1524 4327 Erit
1534 4281 1595 4344 igi.

249 4338 252 4352 ¹
295 4341 449 4402 pendiculrir'is
464 4355 498 4392 est
514 4346 607 4408 ubique,
624 4343 711 4392 etided
722 4345 786 4390 siris
801 4344 921 4406 gravitatis
952 4355 991 4392 tur
1002 4359 1054 4404 pers
1064 4344 1173 4406 quelibet
1183 4343 1313 4404 superficiei
1327 4344 1358 4391 ed
1375 4343 1495 4406 grerimis
1505 4343 1599 4393 dirce.

295 4405 325 4454 ad
342 4418 449 4453 centrum
467 4424 542 4455 unum
558 4409 676 4471 dirigatur,
697 4408 858 4467 sphaericsest.
895 4410 920 4457 Si
952 4409 1040 4456 tionem
1050 4407 1259 4468 perpendicularis:
1273 4407 1602 4469 etquoninmnulleestalin

295 4468 923 4592 illlalllfflsslnlillriildllliil.mliii
952 4471 1604 4595 ...fflffimqummffi

295 4596 322 4643 in
344 4595 402 4642 dues
420 4595 482 4644 vires.
492 4613 594 4659 quarum
610 4613 659 4645 una
677 4549 924 4646 directioneti‘rnhebeot
954 4550 1032 4648 m
1041 4567 1148 4647 tenerius
1158 4614 1234 4646 unum
1242 4550 1392 4657 eorrumpi
1399 4597 1605 4660 superficiatu-

297 4658 427 4721 superfieiei
439 4649 505 4707 fluidi
521 4660 741 4721 perpendicularem,
761 4662 833 4710 altere
848 4662 924 4723 peral-
954 4660 1021 4710 fluidi
1028 4663 1138 4723 spherica
1148 4663 1197 4711 erit.
1233 4663 1264 4717 Q,
1278 4677 1298 4710 e·
1311 4662 1335 4710 d.
1400 4694 1412 4714 .
1475 4671 1479 4675 ’
