3275 5650
294 386 355 441 ne
615 370 956 439 runosornrra
978 337 1251 452 urrunnun
1300 369 1576 457 [moncons-12,

295 548 484 633 Exemplum
498 548 649 611 habemus
664 548 697 609 in
713 546 894 629 corporibus
907 547 1100 634 magneticis·
1146 547 1272 611 Horum
1293 546 1392 610 virtus
1414 528 1574 610 attiactiva

291 657 475 726 terminatur
489 645 553 717 fere
568 655 601 717 in
617 653 664 715 sui
678 655 801 739 generis
817 640 999 739 corporibus
1016 656 1074 745 sibi
1087 655 1249 740 proximis.
1294 654 1454 741 Magnetis
1478 654 1573 718 virtus

289 790 346 851 per
360 765 573 849 interpositam
594 763 742 827 laminam
756 764 831 827 ferri
846 766 1048 843 contrahitur,
1072 778 1103 829 et
1117 766 1150 828 in
1163 763 1279 829 laminir
1293 761 1358 826 fere
1379 763 1572 829 terminatur.

291 878 373 942 Nam
389 896 520 958 corpora
534 874 681 937 ulteriora
696 897 759 938 uon
774 888 839 938 tam
854 898 873 937 a
885 891 1030 961 magnete
1045 899 1138 961 quam
1152 899 1171 938 a
1181 873 1295 938 lamina
1310 872 1485 951 trahuntur.
1518 872 1573 936 Ad

288 986 422 1049 eundem
437 985 567 1048 modum
582 986 608 1049 si
622 986 784 1069 particulae
797 984 908 1071 fugant
922 986 997 1049 alias
1011 986 1074 1048 suis
1081 986 1204 1072 generis
1218 981 1385 1067 particulas
1400 981 1460 1044 sibi
1472 1002 1572 1065 prox·

286 1093 373 1169 imae,
395 1093 430 1155 in
445 1094 611 1176 particulas
628 1107 731 1157 autem
747 1095 928 1157 remotiores
950 1096 1105 1158 virtutem>
1118 1094 1237 1179 nullam
1258 1103 1434 1169 exerceant,
1458 1113 1497 1154 ex
1510 1090 1572 1154 hu-

281 1200 420 1283 jusmodi
435 1202 594 1283 particulis
610 1215 837 1285 componentur
850 1203 947 1266 fluida
961 1203 1002 1266 de
1017 1204 1130 1288 quibus
1145 1216 1248 1266 actum
1264 1214 1312 1265 est
1325 1202 1359 1264 in
1375 1199 1435 1264 haic
1451 1200 1572 1285 Propo-

285 1308 405 1371 sitione.
452 1308 550 1385 Quod
576 1312 603 1375 si
627 1312 788 1395 particulae
818 1314 967 1399 cujusque
995 1316 1094 1377 virtus
1122 1316 1156 1377 in
1183 1314 1340 1377 infinitum
1367 1323 1570 1397 propagetur,

286 1418 319 1505 (f)
330 1442 409 1503 opus
424 1421 482 1483 erit
496 1422 526 1484 vi
541 1424 652 1507 majori
667 1422 707 1485 ad
722 1424 873 1507 aequalem
884 1424 1163 1489 condensationem
1176 1424 1302 1508 majoris
1311 1421 1490 1507 quantitatis
1498 1421 1571 1483 flui-

283 1530 325 1593 di.
369 1532 422 1593 An
443 1554 518 1594 vero
539 1532 636 1595 fluida
658 1534 845 1596 elastica‘ex'
865 1534 1025 1617 particulis
1039 1558 1073 1598 se
1092 1547 1201 1598 mutuo
1215 1534 1393 1619 fugantibus
1415 1541 1569 1608 constent,
1621 1580 1626 1587 .

284 1641 413 1724 quaestio
426 1642 554 1728 physica
571 1656 626 1706 est.
672 1643 740 1705 Nos
753 1644 976 1727 proprietatem
998 1646 1166 1709 fluidorum
1179 1631 1222 1708 ex
1236 1642 1388 1727 ejusmodi
1407 1640 1570 1724 particulis

282 1749 490 1811 constantium
505 1748 720 1812 mathematice
736 1750 1026 1829 demonstravimus,
1049 1766 1085 1816 ut
1098 1750 1291 1835 philosophis
1305 1772 1412 1813 ansam
1425 1749 1570 1832 proebea-

283 1882 352 1923 mus
367 1861 572 1945 quaestionem
585 1861 670 1923 illam
686 1862 848 1926 tractandi.

313 2056 343 2118 (s)
357 2059 370 2088 ⁶
385 2058 686 2118 OrnneritvimapriAEe
722 2057 777 2103 Non
790 2058 852 2105 enim
868 2074 906 2105 so-
939 2074 992 2105 rum
1004 2059 1038 2105 vis
1049 2059 1094 2105 erit
1103 2057 1231 2118 superanda
1241 2073 1294 2120 qua
1305 2058 1345 2103 (ex
1358 2055 1438 2118 Hyp.)
1451 2054 1567 2103 iuinliui·

280 2119 330 2165 lum
342 2120 454 2167 vincenda
464 2124 508 2167 erit
519 2137 560 2182 per
570 2121 763 2181 compressionem
777 2122 811 2167 vis
822 2122 907 2168 centri·
939 2132 992 2171 trun
1002 2132 1148 2186 propagatur.

278 2184 338 2256 luga
348 2184 513 2243 particularum
532 2186 695 2245 proximarum,
713 2183 753 2231 sed
765 2194 789 2232 et
799 2186 906 2233 remotio·

1032 2299 1037 2328 l
