3275 5650
1 1156 6 1347 l

88 412 204 475 Lmen
217 404 385 491 Saeuum]
416 410 658 479 PRINCIPIA
682 414 1053 485 ΜΑΤΗΕΜΑΤΙΟΑ.
1319 437 1380 493 lta

86 604 212 666 porum,
228 592 261 645 et
273 594 442 667 propterea
457 585 644 669 quantitates
659 586 798 651 materiae
812 600 884 651 suut
893 601 928 653 ut
938 592 1019 657 vires
1027 592 1171 658 matrices
1180 606 1213 658 et
1227 596 1378 679 quadrata

87 710 275 774 temporum,
292 691 396 769 idest,
412 705 448 755 ut
461 694 603 777 pondera
617 706 650 759 et
663 696 812 781 quadrata
828 709 1016 782 temporum.
1060 706 1123 786 (††)
1140 704 1182 779 Q.
1199 728 1226 767 e.
1241 705 1273 768 d

80 790 91 817 ⁸
130 798 233 859 Caret.
251 805 280 859 1.
318 794 457 881 ideoque
473 799 499 861 si
515 810 659 883 tempora
671 813 744 866 suut
758 802 901 887 aequalia,
917 792 1103 891 quantitates
1116 811 1255 873 mannae
1271 811 1376 875 insin-
1427 825 1441 846 Χ

86 906 166 992 gulis
186 906 373 991 corporibus
388 920 480 972 erunt
493 920 529 973 ut
543 910 693 993 pondera
1053 931 1056 936 '

129 1018 235 1080 Garat
251 1025 281 1080 a.
328 1016 363 1081 si
377 1018 519 1101 pondera
533 1029 605 1083 sunt
619 1019 760 1105 aqualia,
778 1020 964 1105 quantitates
984 1024 1124 1089 materiae
1146 1038 1238 1091 erunt
1251 1038 1286 1089 ut
1300 1050 1375 1113 qua·

85 1122 176 1185 dueta
190 1134 378 1204 temporum.
654 1180 667 1207 0

128 1230 231 1291 Corol.
247 1236 277 1290 3.
323 1228 358 1291 si
372 1228 558 1312 quantitates
567 1230 707 1294 materia
720 1242 897 1313 sequantur,
911 1233 1053 1313 pondere
1066 1246 1160 1299 ειιιιιι
1172 1237 1331 1319 reciproce
1339 1194 1393 1303 ut=

85 1333 238 1418 quadrata
256 1343 442 1414 temporum.
784 1359 786 1367 ’

127 1441 230 1502 Corol.
246 1447 277 1501 4.
322 1436 361 1522 (¹¹)
386 1436 480 1502 Unde
496 1459 567 1503 cum
582 1438 732 1523 quadrata
754 1400 941 1525 temporum,
965 1447 1086 1508 caeteris
1100 1449 1238 1529 paribus,
1262 1450 1325 1512 sint
1339 1463 1373 1513 ut

84 1547 294 1633 longitudines
317 1546 542 1630 pendulorum3
567 1548 593 1609 si
608 1559 639 1611 et
652 1560 794 1633 tempora
816 1562 848 1615 et
869 1552 1056 1638 quantitates
1078 1557 1216 1620 uateriae
1241 1558 1374 1642 aqualia

1 1714 2 1743 3
85 1668 164 1733 amnt,
182 1657 216 1740 (¹)
232 1656 373 1741 pondera
387 1670 478 1721 erunt
492 1670 527 1720 ut
541 1657 751 1743 longitudines
765 1660 985 1743 pendulorum.

114 1829 169 1893 (fl)
192 1832 261 1881 Quod
276 1838 325 1877 erut
342 1833 555 1878 demonstrandum.
591 1834 603 1861 *
624 1830 654 1880 ln
669 1830 711 1879 de·
742 1832 861 1893 quibusvis
872 1834 1103 1893 correspondentibus
1113 1851 1210 1883 mcuum
1223 1838 1248 1884 D
1260 1838 1280 1885 C
1291 1839 1370 1896 etde,

84 1892 249 1940 monstratione
265 1895 388 1952 probatum
398 1893 504 1955 estquod
516 1894 535 1939 si
552 1891 712 1941 describantur
742 1895 800 1956 putei
811 1897 836 1943 in
847 1898 939 1956 punctis
951 1898 1038 1944 infimis
1050 1899 1070 1945 C
1081 1908 1105 1945 et
1115 1915 1135 1955 c,
1145 1900 1185 1947 sed
1193 1901 1247 1961 quia
1257 1916 1285 1947 er
1297 1903 1370 1962 bypa-

1 2000 2 2025 q
85 1972 151 2004 uuus
167 1954 269 2017 aequales
288 1956 314 2002 D
332 1957 360 2013 C,
383 1955 428 2003 da
448 1956 588 2018 quantitates
607 1958 710 2004 materia
743 1960 802 2005 thesi
813 1960 876 2021 quod
886 1961 1370 2026 ponderasuntsequaliaetquodquauti·

1 2046 2 2055 ι
85 2028 139 2066 suat
149 2028 176 2065 ιιι
186 2018 291 2079 pondera
301 2028 325 2065 et
334 2019 446 2081 quadrata
456 2028 593 2079 temporum,
606 2030 711 2067 sumatur
743 2030 801 2072 tates
811 2024 914 2069 materia
925 2034 981 2070 sunt
991 2025 1098 2085 aequales,
1108 2026 1240 2072 velocitates
1250 2037 1306 2074 sunt
1316 2043 1369 2087 pro-

1 2102 2 2141 ι
81 2084 129 2146 jam
139 2098 208 2129 armis
219 2084 234 2128 b
244 2084 339 2145 amajor
346 2082 384 2127 vel
391 2082 468 2129 minor
474 2097 529 2129 arcu
540 2082 557 2128 d
567 2098 579 2127 c
590 2082 630 2129 sed
637 2096 710 2143 quau-
742 2082 883 2141 portiorrales
893 2086 1009 2131 radicibus
1018 2086 1135 2146 quadratis
1150 2088 1309 2145 altitudinum,
1329 2106 1369 2137 ve-

1 2586 2 2589 ’
82 2602 108 2638 ut
116 2590 226 2651 pondera
236 2599 260 2636 et
271 2588 383 2651 quadrata
393 2597 523 2649 temporum
531 2588 707 2637 oscillationum.
815 2606 847 2653 10

83 2148 157 2193 titates
177 2144 283 2191 materies
304 2154 328 2192 et
348 2145 451 2205 pondera
472 2146 580 2207 utrinque
601 2154 711 2193 maneant
742 2145 847 2193 locitates
863 2148 888 2193 in
903 2150 1203 2207 punctisCetceruntut
1219 2156 1250 2213 ql
1266 2155 1295 2200 M
1308 2155 1328 2199 C
1339 2155 1370 2201 od

84 2212 162 2257 eadem
173 2224 229 2273 quae
244 2209 316 2269 prius,
336 2219 360 2255 et
377 2208 460 2269 pariter
470 2210 500 2255 ob
511 2208 710 2255 isocbroneitatem
743 2213 775 2272 tl
786 2225 843 2257 mc=
858 2211 899 2257 sed
910 2226 938 2257 ex
949 2211 1101 2260 similitudine
1109 2230 1232 2262 curvarum
1240 2225 1264 2263 et
1271 2232 1368 2264 menum

83 2274 184 2321 eumaeb
195 2272 213 2319 d
223 2288 245 2327 c,
255 2280 349 2331 tempus
359 2270 507 2318 oscillationis
518 2286 559 2331 per
569 2274 613 2327 bc,
621 2271 710 2333 aequale
742 2277 776 2319 est
793 2288 843 2319 mc
862 2274 892 2319 ad
907 2276 937 2321 M
950 2276 971 2321 C
986 2276 1047 2323 sicut
1062 2276 1096 2323 lc
1111 2278 1142 2325 ad
1158 2278 1181 2325 L
1194 2280 1222 2335 C,
1239 2294 1296 2343 ergo
1305 2281 1369 2330 velo·

83 2338 123 2383 erit
141 2336 243 2395 tempori
262 2335 410 2383 oscillatiouis
425 2350 467 2395 per
482 2334 530 2391 dc,
547 2331 708 2396 idedquequi-
743 2336 827 2383 citatas
841 2337 865 2382 iu
881 2339 974 2396 punctis
991 2340 1012 2385 C
1031 2349 1056 2386 et
1073 2355 1086 2387 o
1104 2351 1159 2388 sunt
1175 2351 1203 2388 ut
1219 2346 1250 2403 4!
1266 2344 1289 2391 L
1302 2345 1322 2391 C
1337 2345 1369 2391 ad

82 2415 182 2474 cumque
192 2399 241 2475 siut
251 2414 319 2445 arcus
328 2398 436 2458 descripti
447 2398 466 2444 si
477 2398 645 2471 modpmaneat
653 2414 709 2475 pen-
744 2402 776 2461 ql
795 2398 805 2445 l
824 2414 843 2455 c,
871 2398 970 2462 ideoque
990 2411 1095 2463 tempora
1114 2405 1287 2453 oscillationum
1308 2410 1368 2455 inte-

82 2462 712 2587 attestatus:„sistuanus
742 2515 838 2565 aa
852 2501 880 2548 ι
893 2506 993 2551 mu.
1009 2482 1252 2562 nanuum
1263 2472 1369 2609 ffi-

113 2654 151 2718 (¹)
174 2656 244 2702 Unde
266 2670 321 2701 cnm
342 2656 457 2714 quadrato
479 2662 606 2713 temporum
625 2656 709 2701 coetns‘s
741 2651 771 2699 ad
793 2672 877 2708 -ε,
896 2654 960 2701 uude
976 2653 1088 2716 quadrata
1106 2645 1322 2715 temporum-erunt
1339 2669 1367 2707 ut

78 2722 171 2780 paruus
181 2718 430 2777 rimationgitndines
437 2719 601 2777 pensaurum.
627 2715 709 2763 'Fin-
790 2702 823 2758 V
836 2702 869 2747 ¹⁶

82 2792 148 2844 ntur
167 2782 191 2829 L
210 2780 239 2836 c,
256 2780 289 2828 ¹0
304 2779 428 2841 instuit
442 2794 498 2838 ees
518 2789 542 2828 ee
556 2795 623 2828 suus
640 2780 665 2828 D
679 2781 707 2835 C·
741 2760 984 2848 P-c'nlfiffaa
995 2802 1365 2861 astonishment.

1 2841 3 2898 l
81 2847 178 2894 deuon
189 2845 253 2892 sumi
263 2844 364 2906 aquales
374 2853 402 2891 ut
411 2843 482 2903 prius,
499 2844 540 2890 sed
550 2845 642 2902 similes,
660 2845 708 2892 sive
756 2841 809 2888 Le
881 2842 912 2887 lc

81 2909 263 2970 proportionales
279 2907 463 2970 longitudinibus
479 2907 502 2954 L
515 2909 542 2964 C,
562 2909 602 2964 lc,
619 2917 708 2955 secetur
739 2905 857 2967 gitudiues
870 2904 1033 2964 pendulorum.
1071 2909 1102 2961 Q.
1116 2923 1137 2952 e.
1149 2907 1173 2954 d.

83 2975 106 3036 D
120 2976 140 3020 C
151 2974 177 3020 in
188 2982 268 3034 partes
278 2972 378 3034 aequales
388 2971 448 3020 inter
459 2987 491 3028 se,
508 2980 532 3018 et
547 2971 563 3018 d
574 2988 587 3018 c
598 2973 621 3018 in
632 2983 707 3032 partes
772 2970 802 3035 (¹)
816 2974 829 3001 *
842 2973 949 3018 Pondere
960 2983 1029 3020 nant
1045 2981 1073 3018 nt
1088 2974 1243 3029 longitudines
1254 2977 1366 3034 peredsla-

80 3037 171 3090 similes,
190 3038 225 3083 ita
239 3045 268 3082 ut
283 3035 312 3082 sit
330 3036 355 3082 D
368 3035 391 3081 Ε
407 3034 437 3082 sd
452 3035 492 3082 de
508 3044 535 3082 ut
552 3035 574 3082 L
592 3036 613 3083 C
629 3035 658 3081 ad
674 3036 682 3081 l
694 3051 707 3083 c
738 3051 800 3090 rum,
812 3043 834 3082 et
844 3037 1002 3081 uniuersaliter
1018 3039 1137 3098 quantitas
1147 3039 1249 3082 nsotmioe
1256 3041 1366 3097 pendam

81 3100 201 3162 ductisque
221 3098 392 3159 perpendiculis
410 3099 435 3145 D
447 3099 484 3154 M,
502 3097 525 3144 E
538 3099 570 3156 N,
587 3098 645 3156 dm,
658 3115 705 3156 en,
737 3107 770 3145 est
785 3108 812 3146 stt
826 3103 920 3158 pondus
934 3108 956 3145 et
972 3105 1112 3161 quadratam
1127 3102 1232 3159 temporis
1247 3101 1329 3147 directi
1345 3111 1365 3149 et

1 3159 2 3174 ³
80 3165 118 3210 dc.
137 3165 214 3224 liquet
226 3178 254 3210 ex
265 3161 418 3209 similitudine
430 3161 558 3224 figurarum
574 3162 708 3210 altitudines
738 3164 854 3222 lorrgitndo
861 3165 959 3222 penduli
974 3164 1070 3211 inversi.
1106 3163 1186 3210 *stne
1200 3162 1249 3209 duo
1264 3164 1367 3222 pendula

81 3227 107 3273 M
116 3229 142 3274 N
155 3238 179 3274 et
189 3243 216 3272 m
228 3242 252 3284 a,
265 3226 296 3272 M
309 3227 333 3272 R
343 3236 367 3272 et
377 3241 402 3271 m
413 3241 431 3282 r,
448 3227 490 3272 &a
504 3241 552 3272 esse
563 3225 632 3272 etiam
648 3227 707 3272 inter
741 3225 765 3274 Α
777 3235 799 3271 et
812 3227 842 3278 B,
859 3241 912 3286 quae
927 3227 1030 3282 materiei,
1048 3225 1150 3286 pondere
1161 3234 1184 3272 et
1194 3227 1366 3274 oscillationum

79 3307 101 3338 se
110 3292 136 3338 in
145 3291 240 3338 ratiorm
251 3291 275 3338 L
289 3291 308 3338 C
320 3289 369 3336 adl
380 3305 401 3344 c,
413 3289 544 3336 velocitates
554 3287 608 3336 verb
624 3291 708 3351 quibus
738 3288 881 3348 temporibus
892 3288 1027 3348 discrepent,
1044 3290 1085 3336 sed
1101 3290 1195 3350 aequalis
1206 3291 1252 3336 sint
1263 3290 1365 3353 longitu-

79 3355 244 3402 descn'buntur
259 3369 327 3400 arcus
345 3351 408 3410 EF,
423 3352 479 3400 FG
490 3361 582 3399 suntut
594 3356 625 3415 tl
641 3353 670 3400 M
683 3354 708 3400 N
739 3351 815 3409 dinis3
838 3367 867 3398 er
886 3353 1046 3409 Theorematc,
1068 3353 1111 3400 erit
1128 3355 1244 3414 quantitas
1262 3356 1365 3402 materiae
1425 3349 1429 3356 ’

79 3419 106 3464 ad
119 3422 155 3482 *vs
170 3420 202 3468 M
217 3417 249 3474 R,
267 3425 290 3464 et
301 3417 430 3464 velocitates
445 3417 528 3478 quibus
547 3417 707 3463 describuntur
738 3415 847 3476 pendulae
857 3415 882 3460 in
895 3417 918 3462 A
930 3416 961 3464 ad
971 3417 1123 3478 quantitatem
1139 3418 1241 3462 materia
1256 3419 1365 3477 pendulae

78 3498 142 3530 meus
160 3483 203 3540 ef,
225 3482 264 3546 fg
282 3491 337 3528 sunt
355 3489 382 3526 ut
398 3483 431 3544 ql
444 3496 469 3526 m
481 3495 497 3525 ιι
507 3480 537 3527 ad
550 3484 581 3543 tl
595 3496 619 3526 ιιι
631 3495 649 3537 ι,
667 3479 707 3528 sed
738 3479 764 3524 in
781 3479 811 3533 B,
829 3488 857 3525 ut
866 3479 960 3538 pondus
970 3491 994 3528 et
1004 3481 1142 3542 quadratum
1154 3483 1265 3540 temporis
1275 3482 1365 3528 oscilla-

2 3555 3 3558 ’
77 3548 129 3608 quia
141 3547 174 3594 M
187 3546 213 3592 N
225 3555 248 3592 et
262 3559 287 3590 m
298 3560 321 3600 n,
335 3543 365 3592 M
379 3545 402 3591 R
413 3553 436 3590 et
445 3559 500 3600 mr,
519 3553 575 3591 sunt
590 3545 615 3590 in
626 3543 707 3590 eidem
738 3541 831 3589 tionum
841 3543 937 3602 penduli
950 3544 973 3590 Α
984 3545 1125 3606 conjunctim
1137 3543 1166 3590 ad
1174 3545 1266 3605 pondus
1274 3554 1297 3592 et
1307 3562 1365 3606 qua.

75 3611 166 3658 ratione
177 3607 281 3672 ideoque
291 3617 314 3655 et
324 3623 404 3654 earum
415 3607 507 3662 reditas,
521 3607 627 3661 vicissim,
644 3607 705 3653 velo·
739 3606 831 3653 dratum
841 3608 951 3667 temporis
967 3609 1137 3655 oscillationum
1152 3608 1248 3666 penduli
1270 3608 1291 3656 B
1309 3625 1364 3655 con-

76 3675 131 3722 citas
143 3673 193 3736 qud
204 3671 342 3720 describitur
354 3672 377 3718 E
391 3671 411 3718 F
422 3680 456 3718 est
466 3671 497 3717 ad
507 3671 650 3718 velocitatem
661 3670 708 3733 quit
735 3671 850 3733 junctim
867 3671 897 3718 sit
907 3671 1000 3717 tertium
1011 3671 1141 3732 pendulum
1152 3672 1180 3726 C,
1192 3673 1260 3732 cujas
1270 3674 1365 3719 materia

75 3737 217 3786 daecribitur
228 3751 241 3782 e
252 3736 270 3792 f,
282 3745 310 3782 ut
320 3735 428 3782 velocitas
439 3734 486 3795 qui
496 3734 631 3782 describitur
652 3734 708 3781 FG
739 3744 763 3782 et
773 3735 864 3794 pondus
879 3733 960 3780 eadem
976 3735 1023 3780 sint
1040 3749 1095 3780 cum
1112 3735 1208 3780 materis
1223 3744 1247 3780 et
1262 3735 1364 3794 pondere

75 3801 105 3848 ad
115 3801 267 3848 velocitatem
278 3799 325 3860 quai
335 3799 470 3846 describitur
480 3798 494 3844 f
501 3815 533 3862 μ
550 3808 573 3845 et
583 3798 616 3846 sic
627 3797 707 3844 ordine
738 3797 836 3858 penduli
853 3797 883 3852 B,
900 3796 989 3844 diversa
1000 3796 1053 3845 verb
1063 3798 1093 3842 sit
1103 3797 1224 3858 utriusque
1234 3797 1362 3858 longitudo,

73 3875 190 3926 perpetuo
206 3863 403 3911 demonstrabitur
413 3861 543 3910 velocitates
554 3863 638 3922 quibus
655 3877 707 3908 suc-
738 3859 862 3922 longitudo
868 3860 991 3919 penduliC
1000 3861 1043 3906 erit
1050 3860 1082 3906 ad
1089 3859 1259 3920 longitudinem
1267 3860 1364 3918 penduli

73 3929 171 3976 comicae
186 3936 266 3988 partes
282 3926 484 3986 correspondentes
498 3925 620 3986 utriusque
630 3941 707 3972 curva
740 3924 829 3987 B(sive
837 3923 933 3983 penduli
941 3925 973 3981 A,
979 3924 1075 3984 perinde
1082 3925 1145 3970 enim
1154 3933 1188 3969 ost
1196 3939 1223 3968 ea
1231 3924 1362 3984 hypothesi)

71 3989 707 4052 percurruntursoresemperineidemratioue3tem·
739 3998 767 4036 ut
776 3987 916 4049 quadratum
926 3989 1036 4050 temporis
1046 3989 1070 4034 in
1081 3987 1254 4047 penduloCad
1265 3987 1364 4047 quadra-
1445 3997 1449 4021 ¹

70 4073 129 4116 pora
141 4053 198 4102 verb
209 4054 296 4116 quibus
306 4068 373 4100 meus
383 4053 469 4100 similes
480 4053 641 4100 describuntur
651 4061 706 4102 sunt
740 4062 793 4099 tum
803 4051 913 4111 temporis
924 4052 948 4097 ia
959 4051 1063 4112 pendulo
1073 4053 1102 4108 B,
1115 4050 1177 4112 quod
1187 4049 1265 4112 itaque
1276 4051 1366 4112 aequale

72 4119 162 4168 directe
173 4129 201 4166 ut
211 4117 326 4164 illiarcus
333 4125 356 4163 et
363 4115 453 4164 inverse
459 4126 486 4163 ut
492 4116 636 4173 velocitates;
649 4131 705 4178 ergo
737 4115 782 4162 erit
792 4115 903 4176 quadrato
914 4103 1023 4175 tempoiis
1033 4117 1058 4162 in
1070 4109 1212 4175 pendulo'C‚
1231 4128 1273 4173 per
1287 4115 1364 4176 longi.

71 4199 126 4230 cam
137 4184 202 4230 ratio
213 4196 312 4228 arcuum
329 4180 555 4240 correspondentiam
572 4180 602 4226 sit
617 4194 707 4239 semper
738 4179 845 4226 tudinem
853 4178 950 4236 penduli
956 4179 1108 4239 multiplicato
1115 4188 1138 4224 et
1145 4192 1187 4237 per
1193 4177 1364 4238 longitudinem

70 4249 164 4304 eadem,
177 4261 264 4304 nempe
276 4245 334 4290 ratio
346 4244 369 4290 L
382 4245 401 4292 C
413 4243 459 4290 adl
469 4260 489 4298 c¹
506 4252 533 4290 ut
543 4253 566 4289 et
576 4243 634 4290 ratio
645 4243 706 4289 velo-
737 4242 833 4302 penduli
846 4243 866 4289 C
874 4242 962 4300 diviso;
978 4243 1041 4289 unde
1051 4241 1167 4304 quantitas
1177 4243 1280 4288 materia
1295 4243 1321 4288 ia
1339 4247 1363 4291 A

70 4313 173 4358 citatum
208 4310 278 4356 uibus
293 4316 459 4368 percurruntur
473 4305 508 4352 illi
524 4323 597 4364 arcus,
615 4305 706 4368 singula
738 4306 782 4354 erit
797 4305 828 4353 ad
843 4306 995 4366 quantitatem
1010 4305 1146 4352 materiain
1161 4305 1182 4350 B
1195 4305 1277 4351 sivein
1291 4308 1319 4364 C,
1337 4318 1365 4354 ut

71 4327 226 4436 tempusctila
237 4373 322 4434 quibus
332 4371 494 4417 describuntur
508 4369 627 4431 particula·
641 4385 707 4417 meus
738 4369 831 4429 pondus
841 4378 864 4416 et
874 4369 1013 4431 quadratum
1028 4368 1138 4428 temporis
1147 4368 1172 4414 in
1186 4370 1208 4414 A
1220 4371 1364 4432 conjunctim

72 4439 96 4486 D
109 4442 131 4487 C
144 4437 258 4486 eamdem
269 4435 383 4483 mtionem
393 4437 512 4483 habebunt
522 4434 551 4480 ad
562 4432 708 4494 tempuscula
738 4433 769 4480 ad
779 4433 871 4492 pondus
880 4435 906 4478 in
919 4435 948 4485 Β,
966 4433 1049 4479 sivein
1062 4433 1089 4490 (ζ,
1106 4447 1162 4478 cum
1177 4433 1289 4494 quadrato
1305 4444 1364 4480 tem-

71 4505 158 4566 quibus
168 4499 377 4560 correspondentes
386 4499 506 4559 particula
522 4498 639 4546 mcusdc
655 4511 707 4556 per·
737 4498 801 4556 poris
816 4497 841 4542 ia
860 4497 881 4545 C
895 4496 1075 4557 etloagitudine
1086 4496 1182 4555 penduli
1200 4497 1221 4542 A
1240 4497 1325 4544 directe
1341 4506 1365 4543 et

72 4577 219 4622 cannatum
238 4561 339 4626 ideisque
355 4572 460 4623 tempora
474 4571 523 4609 tota
539 4561 708 4608 oscillatimum
739 4559 887 4622 longitudine
912 4560 1009 4620 penduli
1032 4561 1052 4607 C
1072 4559 1175 4608 inverse:
1205 4559 1269 4607 unde
1292 4561 1365 4622 liquet

131 4633 161 4680 D
174 4631 198 4678 C
216 4627 298 4676 etde
317 4635 386 4674 eruut
403 4625 488 4674 directe
506 4635 534 4672 ut
551 4623 709 4688 longitudines
741 4624 892 4686 quantitatem
908 4623 1009 4670 materiae
1025 4624 1050 4669 in
1068 4625 1091 4670 A
1108 4639 1157 4670 esse
1167 4623 1198 4671 ad
1212 4625 1364 4686 quantitatem

106 4698 167 4744 Cet
177 4695 218 4749 lc,
238 4701 263 4739 et
279 4689 368 4738 inverse
383 4699 410 4738 ut
429 4689 558 4738 velocitates
576 4689 601 4736 in
617 4687 709 4749 punctis
741 4687 842 4735 materia
853 4687 878 4734 in
891 4688 919 4745 C,
935 4697 963 4735 ut
972 4687 1064 4749 pondus
1075 4698 1098 4735 et
1107 4687 1245 4751 quadratum
1256 4684 1365 4746 temporis

697 4770 750 4818 ΚΕ)
