3275 5650
284 444 346 505 128
581 426 921 503 PHILOSOPHIAE
944 433 1217 500 NATURALIS
1281 431 1559 513 [Mon'Conson.

787 933 970 1013 SECTIO
993 938 1041 1011 V.

305 1126 366 1199 De
378 1126 543 1199 densitate
558 1136 594 1199 et
606 1127 1055 1221 compressioneflnidosnm,
1073 1130 1179 1221 deque
1194 1123 1440 1219 indrostotioci.
1458 1127 1477 1221 (
1501 1121 1532 1242 )ν

774 1308 926 1373 Definitio
941 1308 1056 1373 Fluidi.

277 1478 417 1541 stottona
431 1486 474 1541 est
488 1496 593 1559 corpus
607 1496 698 1556 mnne,
714 1475 794 1559 estius
804 1485 912 1559 portes
925 1480 1032 1542 cedunt
1045 1481 1077 1541 oi
1090 1481 1250 1563 cuicunque
1260 1480 1366 1555 itate,
1381 1486 1411 1542 et
1423 1480 1554 1543 cedendo

380 1586 400 1631 ⁶
706 1591 808 1677 fissile
822 1601 972 1655 monentur
986 1592 1066 1654 inter
1079 1613 1119 1655 se.

493 1840 773 1911 PROPOSITIO
796 1841 896 1907 XIX.
938 1837 1210 1931 THEOREMA
1232 1839 1318 1903 XIV

272 2015 380 2079 diuidi
400 2018 570 2100 homogenei
591 2026 620 2080 et
641 2019 763 2094 immoti,
790 2016 870 2101 qnod
882 2016 916 2078 in
934 2028 1004 2081 nese
1024 2024 1193 2099 quocunque
1213 2016 1331 2077 immoto
1351 2014 1500 2077 elondiinr
1520 2018 1555 2073 ei

316 2124 447 2204 undique
460 2105 673 2205 ootnprimimr,
694 2132 801 2205 portes
815 2145 913 2186 omnes
934 2120 1084 2207 (sepositi
1104 2121 1351 2196 condensationis,
1373 2108 1553 2202 grotimtis,

316 2236 346 2287 et
363 2228 469 2289 oirinm
485 2222 612 2290 omnium
626 2230 857 2309 centripetarun
871 2225 1127 2310 consideratione)
1142 2226 1300 2309 ‹equotiter
1307 2234 1483 2306 prennmtnr
1492 2244 1554 2286 sen·

315 2332 413 2413 dique,
429 2342 459 2395 et
472 2336 537 2397 sine
551 2336 632 2397 omni
646 2344 725 2399 motu
737 2358 759 2398 α
767 2336 923 2417 pressione
936 2333 992 2397 int
1006 2343 1073 2397 orto
1081 2342 1260 2415 pennonent
1274 2335 1308 2395 in
1321 2334 1393 2395 loeis
1406 2332 1475 2396 suis.

318 2499 384 2562 Cos.
404 2508 430 2563 l.
463 2499 502 2566 In
516 2519 587 2565 vase
603 2497 755 2586 sphaerioo
770 2504 801 2567 A
817 2501 1062 2599 BColondotus
1076 2512 1109 2565 et
1121 2500 1318 2565 uniformiter
1328 2500 1554 2585 comprimetur

272 2605 401 2669 fluidum
418 2606 571 2693 undique:
594 2608 664 2671 dico
678 2609 763 2695 quod
777 2608 916 2694 ejusdem
933 2630 1006 2693 pars
1020 2606 1106 2672 nullo
1121 2628 1161 2671 ex
1174 2606 1226 2670 illi
1239 2608 1398 2691 pressione
1412 2605 1555 2669 monebi-⁴

272 2724 333 2775 tur.
378 2711 461 2775 Nam
476 2713 501 2776 si
515 2732 587 2797 poss
610 2714 712 2800 aliqua
726 2716 760 2779 D
774 2726 944 2792 moventur,
970 2736 1097 2779 necesse
1118 2724 1166 2777 ost
1187 2723 1222 2777 ut
1242 2734 1350 2786 omnes
1371 2713 1553 2798 hujusmodi

272 2831 376 2902 portos
391 2818 432 2882 od
446 2818 577 2884 eandem
590 2843 610 2884 o
623 2834 733 2888 centro
753 2820 929 2888 distantiam
949 2820 1087 2912 undique
1109 2819 1320 2898 consistentes,
1343 2819 1437 2884 simili
1459 2833 1553 2886 motu

305 2991 345 3056 (*)
358 2997 411 3040 168.
429 2987 592 3054 Hydrostotiod
603 2997 638 3036 est
648 2987 742 3036 scientie
752 2989 896 3049 pressionuns
928 2990 954 3037 D
969 2989 1032 3038 resti
1048 2990 1107 3037 DC
1121 2988 1152 3035 sd
1167 2987 1265 3048 plenum
1283 2989 1305 3036 A
1320 2989 1341 3036 B
1357 2989 1552 3050 perpendisnslnti,

272 3069 331 3116 quos
350 3055 423 3102 fluida
433 3056 469 3104 vel
479 3056 582 3114 ipsorum
597 3062 673 3112 partes
683 3054 707 3100 in
724 3068 749 3100 se
764 3051 849 3100 mutuis
859 3053 896 3101 vel
926 3054 1017 3116 eisqui
1028 3068 1112 3114 corpus
1124 3053 1146 3098 N
1158 3061 1261 3115 urgente,
1272 3063 1401 3100 esnonetur
1410 3069 1451 3113 per
1461 3054 1551 3104 lineam

273 3118 298 3163 in
309 3133 403 3178 corpora
413 3117 488 3164 solide
497 3125 609 3162 exercent.
928 3118 949 3165 C
962 3119 997 3174 H,
1016 3127 1041 3164 et
1057 3119 1108 3164 hoe
1125 3119 1178 3180 (per
1193 3117 1252 3178 leeg.
1268 3117 1328 3163 Mon
1343 3118 1396 3164 Cor.
1410 3117 1446 3176 9.)
1465 3121 1552 3167 senoni

307 3186 358 3230 169.
394 3185 509 3230 Ftus’duns
529 3183 691 3240 tosnogeneon
712 3178 803 3238 dicitur,
827 3181 896 3243 eujus
926 3181 1009 3242 potent
1016 3183 1044 3228 in
1055 3181 1114 3228 vires
1124 3181 1296 3242 seqsiipollentes
1308 3183 1328 3230 C
1339 3181 1364 3228 D
1374 3192 1399 3228 et
1410 3182 1435 3228 D
1445 3182 1480 3228 Η.
1499 3183 1552 3232 Sed

274 3242 374 3290 densitas
385 3256 419 3290 est
430 3243 558 3300 uniformis,
570 3240 628 3290 odeis
638 3253 666 3290 ut
676 3243 786 3290 nimirum
801 3246 896 3308 equalis
1429 3245 1431 3249 ’

274 3307 376 3353 materies
396 3308 511 3368 quantitas
532 3309 575 3354 sub
596 3306 752 3354 voluminibus
768 3309 896 3370 equalibus

275 3369 362 3432 ubique
382 3386 423 3431 per
441 3380 514 3419 totam
534 3366 602 3418 fluidi
622 3385 722 3418 messem
742 3373 895 3431 contineatur,

273 3436 381 3497 fluidum
397 3439 566 3496 heterogeneum
581 3434 710 3496 appelletur
719 3435 786 3497 eujus
797 3436 897 3485 densitas

277 3497 399 3544 uniformis
409 3513 457 3545 non
468 3507 509 3546 est.

308 3565 361 3609 170.
391 3564 495 3611 &avios
504 3564 605 3628 specifico
615 3561 715 3622 corporis
725 3571 760 3610 est
769 3565 828 3611 ratio
838 3580 896 3625 pon-

277 3623 337 3672 deris
351 3625 455 3688 ejusdem
470 3625 500 3673 sd
511 3626 634 3682 volumem
650 3624 683 3674 itis
693 3634 720 3672 ut
731 3641 826 3688 corpora
836 3629 897 3690 ejus-

276 3687 330 3734 dem
340 3689 457 3751 gravitatis
466 3689 578 3750 specifice
586 3688 692 3736 dicantur
702 3705 755 3753 quse
765 3694 808 3739 sub
819 3707 897 3754 equs-

277 3751 337 3799 libus
352 3753 508 3800 voluminibus
523 3753 612 3816 sequals
626 3753 716 3812 pondus
726 3755 826 3815 hebent3
845 3772 897 3816 spe-

277 3815 341 3864 since
357 3817 460 3880 graviore
477 3817 513 3864 vel
529 3817 614 3864 leviore
630 3832 683 3878 quse
705 3820 748 3866 sub
770 3820 898 3882 :equalibus

277 3881 432 3928 voluminibus
444 3882 518 3943 majus
532 3881 570 3928 vel
585 3880 663 3927 minus
677 3882 769 3942 pondus
780 3885 896 3942 continet3

257 3943 347 4006 -qusrt
364 3960 418 3991 cum
437 3945 536 3992 densitas
554 3945 584 3991 sit
602 3946 660 3991 estio
679 3961 761 3994 messes
782 3945 811 3994 sd
830 3948 897 3994 volu·

275 4023 329 4054 men
340 4009 439 4070 eorporis
451 4009 485 4072 (2.
500 4009 552 4056 Lib.
568 4007 603 4069 1.)
623 4009 663 4055 ubi
680 4010 783 4070 pondere
798 4022 854 4059 sunt
869 4022 896 4060 ut

274 4086 361 4127 masse,
374 4074 495 4136 gravitates
505 4071 616 4130 specifice
626 4082 681 4120 sunt
689 4083 716 4120 ut
723 4073 852 4124 densitates

307 4141 361 4184 171.
379 4137 485 4184 Lemma.
504 4139 633 4184 Pressiones
644 4153 701 4198 quos
709 4155 802 4199 conpore
812 4143 896 4202 φωνὴ

275 4199 301 4245 in
310 4215 334 4246 se
344 4201 419 4248 moeno
430 4199 685 4264 esorcent,finntjnetd
696 4205 828 4251 directiones
835 4221 895 4251 oom-

275 4265 342 4309 mnni
358 4267 426 4323 plens
443 4267 586 4326 contingenti
598 4267 803 4326 perpendiculares,
819 4276 841 4313 et
852 4284 896 4328 pe·

270 4334 390 4385 pnnetnm
400 4331 555 4390 contingentia
562 4331 692 4376 eorumdem
700 4345 820 4390 corporum
831 4340 896 4380 nors·

274 4399 349 4436 nont.

309 4451 399 4511 Corpus
415 4454 441 4500 N
452 4455 474 4500 vi
484 4453 586 4518 quislibet
600 4456 729 4504 secundum
744 4455 895 4506 directionem
926 4478 1009 4522 eorpus
1029 4465 1058 4513 M
1076 4465 1173 4512 minime
1188 4467 1332 4526 promiturvi
1345 4467 1369 4514 D
1383 4466 1409 4513 Η
1420 4465 1558 4516 secundnm

277 4513 298 4561 F
311 4515 459 4578 Curgeatur,
479 4527 631 4582 tangaturque
642 4521 666 4566 in
679 4519 704 4567 D
715 4535 730 4565 s
739 4535 835 4580 corpore
851 4523 895 4582 M;
927 4527 1077 4574 directionem
1088 4529 1152 4589 pleni
1162 4531 1283 4578 contectos
1297 4541 1396 4592 egsum
1414 4529 1485 4592 quaro
1501 4532 1559 4580 soli

275 4578 415 4637 producatur
427 4581 447 4627 F
460 4582 479 4628 C
495 4592 522 4628 ut
532 4583 602 4640 plano
620 4585 643 4631 A
656 4585 677 4630 Β
693 4583 756 4644 quod
771 4593 897 4647 unumque
927 4591 951 4638 vi
964 4591 1017 4638 cl)
1028 4591 1165 4651 adplenum
1179 4595 1200 4639 A
1212 4595 1233 4640 B
1245 4594 1343 4640 normali
1352 4603 1376 4641 et
1385 4609 1426 4653 per
1437 4593 1560 4652 nonnum

275 4656 359 4704 eorpus
370 4644 484 4708 contingit
493 4644 519 4691 in
532 4647 556 4693 D
567 4656 672 4695 occentet
681 4647 706 4694 in
719 4647 754 4706 H,
771 4646 844 4696 duest
859 4665 900 4709 per
931 4654 1050 4702 contactos
1063 4657 1088 4702 D
1098 4665 1230 4704 troisseunto
1239 4657 1358 4717 premitur.
1394 4657 1426 4712 Q.
1438 4671 1459 4704 e
1472 4656 1496 4704 d.
