3275 5650
299 462 359 522 132
603 462 938 535 PHILOSOPHIAE
961 468 1231 535 NATURALIS
1295 466 1562 547 [Mor-Coacon

292 630 376 696 tione
390 629 496 718 quivis
510 638 662 724 assignatd
678 639 832 713 distantiae
846 663 863 701 a
878 652 994 719 centro,
1017 651 1052 703 ut
1066 651 1097 703 et
1110 640 1165 703 ubi
1177 637 1443 703 fluidumsursum
1463 635 1565 703 rarius

294 751 348 815 est,
366 740 509 804 deorsum
524 742 657 807 densius
703 746 744 821 Q.
760 769 787 810 e.
804 747 835 810 d.

334 846 430 908 Corol.
450 855 477 908 1.
521 847 621 933 Igitur
642 848 773 915 fimdum
794 872 859 913 non
880 861 1009 935 urgetur
1029 872 1049 913 a
1069 861 1135 913 toto
1155 848 1243 912 fluidi
1263 845 1470 911 incumbentis
1482 867 1564 931 pon·

287 950 370 1025 dere,
395 949 532 1014 sedeam
547 954 741 1019 solummodo
762 956 909 1040 ponderis
929 968 1049 1039 partem
1064 956 1193 1019 sustinet
1207 976 1277 1039 quae
1290 954 1325 1016 in
1342 953 1562 1037 propositione

285 1056 484 1134 describitur3
506 1061 645 1143 pondere
660 1063 778 1149 reliquo
792 1087 812 1127 a
824 1063 912 1126 llnidi
926 1062 1027 1149 figure
1041 1061 1190 1127 fornicata
1209 1073 1388 1127 sustentato.

328 1164 425 1225 Corol.
441 1171 471 1227 2.
518 1165 557 1230 In
578 1168 747 1252 aequalibus
771 1180 875 1233 autem
895 1192 915 1231 a
936 1180 1043 1235 centro
1062 1168 1216 1232 distantiis
1237 1167 1347 1232 eadem
1368 1188 1491 1251 semper
1510 1160 1560 1231 est

281 1270 447 1352 pressionis
462 1275 625 1357 quantitas,
653 1278 689 1360 (θ)
705 1278 768 1341 sive
790 1278 967 1361 superficies
988 1298 1095 1361 pressa
1116 1276 1156 1340 sit
1175 1275 1328 1339 horizonti
1341 1274 1488 1361 parallelo
1507 1273 1558 1338 vel

280 1378 544 1460 perpendicularis
566 1381 615 1445 vel
630 1382 770 1468 obliqua3
792 1380 827 1465 (f)
843 1383 906 1446 sive
926 1381 1066 1459 fluidum,
1089 1405 1109 1444 a
1123 1380 1285 1465 superficie
1305 1379 1411 1464 preest
1430 1375 1553 1445 sursum

280 1487 501 1564 continuatum,
518 1501 623 1575 surgat
637 1490 931 1574 perpendiculariter
945 1488 1116 1553 secundum
1128 1488 1242 1551 lineam
1255 1499 1380 1564 rectam,
1395 1488 1444 1552 vel
1459 1487 1554 1571 serpit

278 1593 402 1679 oblique
416 1616 473 1678 per
487 1607 583 1661 tortas
599 1598 740 1663 cavitates
755 1610 787 1662 et
801 1599 932 1675 canales,
955 1620 1066 1683 easque
1080 1596 1238 1683 regulares
1259 1596 1307 1659 vel
1327 1596 1461 1659 maxime
1475 1597 1552 1661 irre·

277 1800 394 1861 gravitatis
409 1802 602 1852 acceleratricibus
617 1804 642 1851 in
653 1804 709 1853 locis
721 1807 754 1864 D,
769 1806 797 1861 B,
811 1809 835 1854 A
846 1822 899 1867 pro·
963 1806 988 1854 Si
1000 1806 1033 1853 vis
1042 1804 1189 1853 moeleratrix
1198 1804 1314 1867 gravitatis
1321 1802 1468 1863 constanssit,
1479 1821 1551 1854 cnm

276 1866 422 1925 portionalas,
434 1868 525 1929 sintque
536 1882 612 1915 curvae
624 1869 647 1916 L
657 1870 668 1915 1
678 1870 702 1916 K
715 1880 738 1917 et
750 1870 775 1917 N
784 1871 840 1918 ΤΧ
848 1871 899 1918 loca
932 1872 957 1918 X
969 1871 992 1917 T
1004 1871 1027 1917 N
1043 1870 1068 1915 in
1083 1878 1169 1916 rectam
1185 1868 1270 1915 lineam
1288 1868 1416 1915 mutabitur
1430 1869 1468 1915 axi
1485 1870 1507 1916 A
1522 1871 1550 1918 D

275 1938 415 1987 punctorum
435 1931 464 1987 L,
478 1932 499 1987 Ι,
512 1932 546 1989 K,
562 1940 586 1979 et
603 1934 633 1986 N,
648 1934 676 1991 Τ,
691 1934 723 1980 X.
752 1934 897 1981 Prodncstur
928 1934 1068 1995 parallelum,
1096 1931 1184 1993 eritque
1209 1931 1305 1990 proinde
1325 1932 1411 1991 pressio
1432 1931 1499 1979 fluidi
1521 1933 1548 1981 in

279 1990 304 2037 K
317 1994 340 2038 A
351 1993 376 2039 in
390 1994 421 2048 rt,
432 2004 459 2041 ut
469 1996 498 2041 sit
509 2007 598 2056 semper
610 2000 633 2045 A
648 1999 671 2044 R
681 1998 815 2059 rectnngulo
833 2000 856 2045 A
870 1999 895 2044 X
926 1997 1028 2044 fundum
1036 1996 1095 2043 ΒΗ
1104 1995 1140 2050 Μ,
1149 1994 1281 2042 utlimdum
1288 1992 1420 2042 hocet'area
1428 1996 1480 2041 DA
1491 1996 1517 2043 K
1525 1997 1550 2044 1.

277 2060 303 2110 ><
318 2057 341 2101 A
353 2057 377 2103 K
388 2059 568 2117 proportionalis,
589 2070 612 2108 et
629 2062 652 2107 R
663 2061 720 2115 QP
738 2076 807 2107 curva
825 2076 895 2122 quarn
926 2060 1081 2123 conjunctim
1100 2059 1126 2103 in
1141 2058 1186 2105 bic
1200 2056 1263 2103 enirn
1278 2059 1406 2119 hypothesi,
1422 2060 1453 2105 ob
1467 2058 1549 2107 datam

275 2128 388 2175 punctum
402 2122 425 2167 R
435 2131 546 2181 perpetuo
556 2125 644 2185 tangit:
659 2134 682 2171 et
692 2126 777 2184 pressio
787 2123 854 2170 flurdr
869 2139 894 2169 ιιι
927 2126 950 2171 A
965 2126 997 2180 K,
1019 2139 1072 2170 area
1091 2122 1117 2170 D
1129 2123 1152 2168 A
1167 2120 1225 2169 ΒΡ
1242 2122 1417 2181 proportionalis
1437 2132 1472 2169 est
1486 2139 1548 2171 erese

257 2186 260 2192 '
275 2180 375 2228 fundum
395 2186 531 2243 sphaericum
551 2187 576 2233 D
595 2188 622 2234 H
640 2188 669 2234 M
690 2188 733 2234 erit
750 2197 777 2234 nt
793 2186 895 2233 fundum
928 2188 953 2233 D
966 2188 989 2233 A
1003 2186 1028 2233 Κ
1041 2188 1067 2232 L.

277 2244 301 2289 D
316 2244 341 2290 H
355 2246 384 2293 M
394 2256 419 2293 et
428 2262 481 2295 area
498 2249 523 2294 D
536 2249 558 2295 A
572 2251 596 2297 R
608 2250 630 2298 P
645 2250 795 2311 conjunctim.
831 2250 895 2298 Nam
957 2252 984 2299 si
999 2251 1033 2296 vis
1048 2248 1165 2311 gravitatis
1180 2257 1205 2295 et
1219 2246 1323 2295 densitas
1334 2248 1400 2295 fluidi
1414 2258 1546 2298 constanter

274 2307 359 2365 pressio
375 2308 441 2356 fluidi
457 2310 586 2371 cylindrulo
605 2314 626 2362 B
641 2315 663 2361 A
679 2314 701 2361 G
715 2314 735 2361 F
753 2313 856 2361 contenti
871 2314 895 2360 in
927 2312 980 2369 sint,
991 2328 1068 2360 curvae
1080 2314 1102 2359 X
1115 2312 1138 2359 T
1150 2312 1182 2367 N,
1200 2312 1226 2357 K
1239 2312 1249 2357 l
1264 2311 1286 2359 L
1297 2320 1321 2357 et
1334 2313 1389 2366 RQ
1402 2311 1457 2359 Pin
1472 2323 1548 2360 rectas

275 2370 347 2433 basim
360 2372 386 2419 D
398 2374 420 2420 E
432 2383 466 2422 est
477 2385 503 2421 ut
513 2378 628 2438 quantitas
637 2377 739 2425 materias
748 2377 775 2423 in
784 2377 833 2424 vina
842 2392 895 2441 gra-
927 2376 999 2424 lineas
1009 2376 1047 2423 ari
1059 2377 1082 2423 A
1095 2376 1121 2424 D
1130 2374 1251 2436 parallelas
1259 2375 1375 2437 migrant3
1386 2385 1411 2423 et
1419 2374 1546 2435 idedpres·

1173 2438 1210 2484 sio
1220 2437 1285 2484 fluidi
1299 2438 1324 2483 in
1336 2438 1437 2485 fundum
1446 2441 1545 2499 sphaeri-

1104 2542 1112 2567 ,
1174 2516 1228 2549 cnm
1241 2502 1266 2548 D
1279 2502 1306 2548 H
1320 2503 1354 2557 M,
1375 2502 1412 2549 sel
1426 2503 1451 2547 in
1469 2504 1545 2551 basim

1168 2755 1276 2819 junctim.
1312 2756 1337 2803 si
1352 2754 1406 2803 rard
1421 2756 1545 2808 confuso.

1172 2829 1211 2867 tur
1221 2818 1320 2882 liquores
1329 2819 1355 2867 iu
1364 2821 1542 2883 sehomogenes‘,

1172 2883 1212 2930 sed
1227 2882 1322 2930 diversae
1336 2884 1429 2931 interae
1439 2883 1543 2932 deudts.

1171 2947 1208 3003 tis,
1229 2947 1356 3006 pressiones
1372 2956 1440 2994 erum
1460 2947 1485 2994 in
1501 2964 1542 2995 ra-

1170 3009 1234 3056 n'one
1250 3010 1376 3071 compositi
1390 3011 1486 3068 basium,
1505 3013 1543 3060 al.

1169 3073 1295 3120 titudinnrn
1303 3084 1327 3121 et
1333 3074 1479 3129 densitatum',
1487 3090 1542 3123 mo.

1168 3135 1201 3184 do
1209 3139 1309 3200 paritas
1318 3137 1464 3186 aooeleaaix
1480 3154 1540 3187 oon.

1168 3208 1238 3254 stans
1255 3201 1285 3249 sit
1299 3201 1324 3247 in
1340 3211 1437 3264 utroque
1447 3201 1542 3264 liquore

1168 3263 1278 3327 equalis3
1303 3279 1358 3312 uam
1378 3266 1399 3312 si
1417 3267 1542 3327 inaequalis

1168 3337 1233 3384 esset,
1244 3330 1371 3387 pressiones
1380 3329 1456 3376 forent
1467 3329 1539 3378 inra-

1167 3389 1231 3438 tione
1245 3392 1371 3451 compositi
1386 3395 1481 3448 basium,
1499 3393 1539 3441 ol·

1166 3453 1302 3512 timdinum,
1319 3455 1457 3505 densitstum
1467 3465 1491 3504 et
1502 3458 1538 3505 vi·

1166 3516 1227 3564 rium
1237 3518 1362 3580 gravitatis.

1199 3579 1233 3645 (⁸)
1247 3584 1538 3652 *uaapeyaapme

1165 3645 1318 3702 ulamau,
1325 3647 1367 3694 &c-
1401 3649 1540 3696 ‘Sumatur

1165 3708 1253 3769 quaeris
1273 3710 1386 3770 particula
1400 3711 1460 3758 inter
1474 3711 1539 3761 duos

1164 3773 1537 3832 orbesconcentricosBFK,
1630 3803 1631 3811 ι

264 3807 884 3941 mmeramme
915 3825 1440 3953 umfflmurffltu
1629 3843 1630 3850 *

264 3934 307 3982 dro
320 3937 369 3985 BA
384 3941 406 3988 G
416 3942 436 3988 F
446 3913 554 3991 contenta
563 3954 597 3991 est
605 3955 632 3991 ut
639 3945 756 4006 cylindrus
766 3949 788 3994 B
799 3899 885 3997 AqGF
916 3951 976 4014 Leg.
997 3958 1020 4000 8.
1040 3955 1143 4019 und'uqus
1159 3909 1385 4024 aplrffiqqpherqut.
1393 3903 1538 4013 pddbdtnildbl
1615 4000 1620 4013 .

265 4007 288 4046 et
303 3999 402 4072 densatas
420 4007 562 4068 conjunctim
581 4011 615 4070 (2.
630 4009 682 4056 Lib.
698 4010 738 4068 L),
756 4011 780 4058 id
798 4021 840 4069 est,
856 4023 883 4060 ut
913 4023 953 4062 tur
962 4015 1039 4077 iusque
1048 4017 1100 4065 loco
1114 4024 1233 4080 particulae
1248 4027 1350 4088 cujusvis
1365 4029 1426 4076 hanc
1441 4029 1535 4076 coutin-

264 4063 324 4108 bssrs
331 4066 427 4125 cylindri
442 4070 496 4116 DE
508 4080 531 4116 et
538 4073 698 4133 rectangulum
711 4075 734 4120 A
745 4076 767 4121 B
776 4082 801 4131 χ
814 4076 837 4122 A
846 4076 879 4123 K.
913 4079 988 4140 gentis
998 4082 1127 4141 superficies
1141 4089 1235 4147 qnaevis,
1254 4090 1301 4136 sive
1315 4090 1468 4147 botiuontalis,
1484 4093 1537 4142 sive

266 4124 346 4178 Quare
356 4133 441 4189 pressio
452 4132 517 4179 fluidi
527 4134 631 4193 cylindro
643 4137 665 4182 B
679 4137 701 4182 A
716 4137 738 4184 G
751 4138 772 4184 F
781 4141 882 4187 contenti
894 4164 900 4172 ·
912 4144 1113 4203 perpendicularis,
1123 4149 1170 4197 sire
1180 4151 1281 4214 obliqua,
1292 4153 1386 4216 aequalis
1396 4155 1468 4203 eritin
1478 4171 1538 4205 eam

264 4196 298 4232 est
315 4199 343 4236 ut
357 4194 417 4240 basis
434 4196 494 4244 DE
511 4207 534 4244 et
549 4197 649 4245 solidum
666 4200 764 4257 ΔΒχ
780 4202 879 4259 ΑΚχ
913 4207 1170 4270 pressiorisquantites:
1188 4231 1239 4277 ergo
1254 4219 1280 4265 s'a
1295 4221 1537 4281 equalibmam

266 4249 879 4326 Ax‚seuutaarsnnerecangu1uman><
912 4271 1089 4326 mammae,

266 4311 290 4357 A
305 4315 327 4358 R
337 4320 485 4380 conjunctim.
517 4324 640 4372 Dividetur
650 4335 698 4373 tota
708 4325 773 4373 fluidi
783 4327 882 4377 altitudo
944 4333 976 4406 ζ’)
989 4338 1002 4366 ⁰
1014 4338 1174 4400 Sioestsss'daaa
1184 4359 1199 4388 a
1209 4345 1419 4410 superficiepressd,
1431 4347 1473 4394 dec·
1507 4349 1538 4398 Si

266 4373 291 4420 D
301 4377 359 4424 Ain
370 4393 444 4455 partes
454 4387 586 4436 innumeras
596 4397 624 4435 ut
636 4390 659 4435 A
670 4391 698 4440 B.
710 4399 733 4436 et
743 4391 785 4438 erit
795 4394 881 4450 pressio
912 4395 1011 4443 fluidum
1022 4413 1074 4446 vase
1083 4401 1166 4452 utlibet
1175 4405 1296 4473 irregulari
1308 4409 1331 4455 E
1344 4409 1365 4456 F
1378 4410 1400 4457 G
1413 4410 1441 4458 H
1451 4410 1467 4457 d
1474 4411 1539 4474 εἷο

262 4435 329 4486 liuida
344 4451 416 4493 tonus
430 4448 456 4493 in
471 4451 543 4497 basim
554 4451 652 4513 cylindri
669 4454 694 4499 D
706 4453 729 4500 E
746 4454 781 4500 rel
791 4455 817 4502 in
827 4455 881 4503 fun·
913 4460 1065 4518 wutiueatur,
1085 4468 1143 4514 vasis
1158 4468 1259 4518 fundum
1272 4472 1299 4518 H
1311 4471 1327 4518 d
1337 4473 1457 4521 sustinebit
1471 4489 1539 4534 pon-

262 4500 321 4550 dum
332 4507 469 4564 sphaericum
481 4513 506 4559 D
520 4514 546 4560 H
558 4515 595 4570 M,
607 4524 635 4563 ut
644 4517 704 4564 basis
716 4517 741 4564 D
750 4517 773 4563 E
784 4517 881 4566 relfnn-
913 4521 958 4568 dus
973 4523 1078 4584 cylindri,
1096 4531 1163 4594 cujus
1177 4534 1238 4582 basis
1254 4535 1348 4597 aqualis
1358 4547 1392 4585 ast
1402 4539 1539 4598 superficiei

261 4565 319 4614 dum
339 4569 445 4620 DHM
462 4585 486 4622 et
503 4592 556 4626 area
576 4579 601 4627 D
614 4580 637 4628 A
652 4579 709 4627 ΒΡ
727 4581 876 4645 conjunctim.
909 4585 1541 4663 fundinetaltitudoDAesdemquaeflnidiin

263 4629 360 4686 Qec.
632 4648 634 4659 '
911 4655 1083 4702 vssecontenti.
1119 4659 1377 4724 lndmmimpostcs
1394 4665 1540 4728 quainte-
