3275 5650
147 394 262 459 Lraaa
272 396 436 477 Saeuum]
470 398 708 465 PRINCIPIA
732 397 1102 469 MATHEMATICA.
1194 469 1198 476 ,
1358 423 1421 481 299

142 566 362 633 translationes
384 568 424 631 ab
445 569 586 647 invicem,
610 582 641 634 et
655 570 833 654 superficies
848 572 1004 659 contiguae
1025 574 1056 637 in
1079 576 1192 659 quibus
1205 576 1422 663 impressiones

142 675 232 739 firmt
279 677 314 741 Si
328 678 489 761 impressio
503 678 536 741 in
551 679 658 743 orbem
679 680 813 765 aliquem
834 682 933 764 major
946 692 994 745 est
1007 684 1056 747 vel
1070 686 1174 749 minor
1188 711 1229 751 ex
1243 702 1330 772 parte
1346 715 1421 757 oon-

141 782 215 845 cava
231 806 325 869 quarn
339 805 379 845 ex
392 796 481 865 parte
496 784 652 861 converri3
674 784 855 870 praevalebit
872 784 1037 869 impressio
1048 787 1168 868 fortior,
1183 805 1347 859 etinctum
1368 820 1420 861 er·

140 888 189 951 bis
206 888 255 952 vel
276 889 460 953 accelerabit
481 891 530 953 vel
552 891 730 969 retardabit,

138 1006 234 1078 prout
261 996 295 1057 in
317 994 448 1059 eandem
471 996 629 1083 regionem
653 1019 724 1061 cum

137 1098 236 1181 ipsius
251 1110 338 1163 motu
349 1100 437 1163 velin
452 1101 638 1185 contrariam
648 1103 723 1167 diri·

138 1205 232 1294 gitur.
265 1206 402 1291 Proinde
417 1218 451 1269 ut
466 1207 549 1271 orbis
558 1211 722 1294 unusquis·

140 1333 200 1397 que
213 1312 247 1373 in
260 1323 347 1375 motu
363 1334 419 1375 suo
441 1312 633 1378 uniformiter
650 1337 721 1401 per·

139 1433 266 1499 sereret,
298 1421 412 1485 debent
440 1423 655 1507 impressiones
681 1446 722 1489 ex

136 1538 226 1614 parte
242 1526 372 1613 utrique
387 1528 445 1593 sibi
459 1530 590 1593 invicem
604 1531 722 1617 aequari
832 1604 838 1613 ἡ
891 1600 898 1611 ,

138 1645 171 1699 et
198 1634 267 1697 lieri
294 1634 328 1697 in
364 1636 507 1719 regiones
543 1638 719 1703 contrarias.
813 1643 1072 1677 “·
1102 1620 1153 1724 ..⁸³

139 1740 178 1825 (¹³)
196 1739 292 1805 Unde
313 1760 385 1803 cum
406 1741 624 1823 impressiones
650 1755 721 1809 sunt
862 1720 889 1824 :j-

137 1856 172 1911 ut
186 1846 340 1932 contiguae
362 1846 539 1929 superficies
561 1858 593 1911 et
610 1848 721 1913 harum

137 1957 351 2022 translationes
380 1957 420 2021 ab
452 1957 592 2035 invicem,
630 1968 721 2023 erunt
899 1946 919 2043 ’ζ

136 2066 349 2134 translationes
360 2066 480 2131 inverse
490 2080 524 2132 ut
532 2066 719 2151 superficies,
834 2057 859 2150 ²2„
924 2063 946 2116 '·
1090 2144 1096 2154 ι
1162 2139 1168 2150 ‚

136 2176 196 2239 boc
228 2187 284 2251 est,
321 2174 441 2239 inverse
473 2188 509 2239 ut
544 2174 722 2260 superficie·
814 2167 823 2194 ²
858 2153 873 2191 ι’
906 2158 917 2180 ·.
959 2158 1001 2254 „s
1056 2158 1087 2265 ;
1150 2165 1156 2177 ’
1196 2168 1201 2178 “
1249 2160 1255 2173 ’

136 2303 206 2349 rum
230 2282 383 2347 distantiae
408 2283 450 2347 ab
472 2304 539 2346 axe.
584 2284 620 2366 (θ)
641 2283 721 2347 Sunt
865 2281 871 2302 ¹

136 2400 239 2451 autem
254 2390 435 2453 differentiae
444 2401 584 2453 motuum
595 2389 723 2475 angula-

136 2495 216 2559 rium
231 2496 311 2559 oirca
325 2516 416 2558 axem
430 2507 465 2558 ut
480 2494 529 2557 hae
544 2494 720 2559 translatio-

135 2624 190 2665 nes
205 2604 366 2689 applicatae
380 2604 421 2667 ad
434 2603 604 2681 distantias,
628 2604 690 2667 sive
705 2616 740 2669 ut
761 2607 977 2673 translationes
999 2609 1115 2674 directe
1137 2621 1168 2674 et
1184 2610 1343 2675 distantiae
1365 2612 1413 2675 in·

134 2708 239 2785 versd3
264 2710 325 2775 hoc
346 2722 402 2786 est,
430 2711 601 2795 conjunctis
621 2710 802 2789 rationibus,
828 2726 864 2775 ut
878 2714 1029 2799 quadrata
1042 2714 1259 2778 distantiarum
1280 2715 1410 2780 inverse.

136 2817 243 2894 Quare
265 2819 290 2884 si
311 2819 352 2884 ad
373 2818 503 2884 infinitae
530 2832 622 2883 rectae
645 2823 715 2886 SA
731 2823 759 2886 B
776 2820 804 2886 C
818 2823 852 2886 D
870 2823 899 2886 E
915 2823 948 2898 Q
967 2837 1071 2907 partes
1094 2824 1229 2910 singulas
1251 2824 1412 2910 erigantur

134 2927 356 3012 perpendicula
371 2929 403 2991 A
417 2951 445 3005 a,
464 2929 492 2992 B
506 2929 537 3005 b,
556 2929 583 2992 C
598 2951 627 3005 c,
642 2930 676 2993 D
691 2929 722 3007 d,
741 2930 770 2993 E
784 2953 810 3006 e,
828 2932 885 2994 &a
900 2932 1037 3015 ipsarum
1054 2932 1127 3010 SA,
1146 2934 1168 2997 S
1182 2933 1219 3008 B,
1239 2932 1310 3007 SC,
1332 2931 1409 3009 SD,

136 3035 158 3098 S
174 3035 213 3110 E,
236 3033 293 3097 &a
309 3035 465 3120 quadratis
479 3035 636 3118 reciproce
650 3037 902 3120 proportionalia,
926 3049 957 3100 et
970 3060 1026 3121 per
1041 3040 1188 3103 terminos
1203 3038 1410 3123 perpendicu-

135 3141 245 3204 larium
260 3140 332 3204 duci
345 3140 536 3227 intelligatur
557 3141 595 3226 (ἃ)
612 3142 692 3204 linea
708 3163 803 3206 curva
819 3142 1037 3226 hyperbolica3
1059 3157 1150 3208 erunt
1172 3166 1300 3207 summae
1321 3142 1410 3206 diffe-

167 3307 200 3372 (θ)
213 3312 227 3339 ⁴*
245 3309 375 3358 Undarum
393 3311 445 3374 (per
458 3309 538 3370 Hyp.)
555 3309 617 3357 orbis
631 3309 756 3371 unusquis-
789 3325 845 3369 pora
855 3309 939 3370 quibus
955 3309 1115 3356 describuntur
1130 3309 1224 3363 inverse.
1242 3320 1265 3358 et
1281 3309 1335 3357 dato
1350 3318 1409 3355 tenr-

134 3387 180 3436 que
200 3371 225 3417 iu
245 3381 312 3418 motu
333 3389 377 3419 suo
400 3373 546 3420 uniformiter
569 3384 705 3433 perseveret,
733 3381 756 3418 et
787 3388 843 3432 pore
852 3381 908 3419 sunt
916 3383 944 3419 ut
954 3374 1035 3435 anguli
1046 3373 1161 3432 descripti.
1196 3374 1269 3429 Hinc,
1285 3372 1409 3420 datorem-

135 3437 232 3495 proinde
242 3436 402 3495 impressiones
413 3451 441 3482 ex
452 3449 549 3498 utraque
565 3446 629 3496 parte
645 3436 764 3498 cujusque¹
788 3451 851 3496 pore,
872 3446 980 3483 motuum
996 3436 1145 3498 angularium
1161 3436 1297 3484 differentiae
1312 3445 1368 3482 sunt
1383 3444 1410 3482 ut

135 3501 196 3546 orbis
206 3499 231 3544 in
239 3500 319 3562 plagas
327 3501 451 3546 contrarias
459 3502 526 3546 factae
535 3499 634 3560 aequales
642 3499 702 3556 sint;
715 3500 759 3545 im·
790 3498 925 3546 differentiae
948 3500 1089 3562 angulorum
1113 3499 1285 3560 descriptorum,
1308 3501 1353 3546 hoc
1375 3508 1410 3547 est

133 3563 264 3622 pressiones
274 3563 328 3619 illa,
339 3562 393 3609 dato
404 3573 513 3622 ternpore,
525 3564 585 3610 datae
600 3573 663 3618 sunt,
673 3573 696 3609 et
706 3561 759 3608 idad
792 3567 858 3626 (154.
873 3563 926 3610 Lib.
941 3563 977 3624 l.)
995 3573 1023 3610 ut
1038 3563 1198 3610 translationes
1212 3572 1351 3623 punctorum
1367 3577 1409 3608 seu

134 3626 191 3672 ratio
211 3625 337 3686 composita
356 3641 383 3672 er
399 3625 525 3673 rationibus
543 3627 719 3673 translationum
736 3635 760 3672 et
791 3626 963 3686 superficierum
974 3629 1003 3674 ab
1012 3627 1112 3674 invicem
1127 3626 1212 3674 directe
1223 3637 1246 3673 et
1256 3625 1370 3672 distantia
1379 3627 1409 3672 ab

134 3689 306 3748 superficierum
324 3691 495 3751 contiguarum,
512 3705 565 3750 quae
576 3701 610 3736 est
621 3699 648 3735 nt
663 3691 758 3749 impres-
790 3690 945 3737 areinverse:
967 3705 1022 3736 nam
1037 3691 1196 3736 translationes
1211 3689 1257 3734 illae
1273 3695 1327 3733 sunt
1343 3701 1410 3733 mous

134 3753 241 3808 sio,data
251 3763 291 3798 est.
324 3753 496 3799 Translatioues
506 3753 577 3814 igitur
589 3753 642 3799 dato
653 3762 756 3812 tempore
787 3754 910 3799 circulares
924 3767 982 3814 quos
997 3752 1090 3812 singula
1100 3761 1186 3810 puncta
1195 3765 1237 3811 per
1247 3765 1313 3796 suam
1324 3750 1408 3796 veloci-

134 3817 208 3870 sacta,
220 3825 275 3862 sunt
284 3815 376 3863 inverse
387 3826 414 3862 ut
424 3815 563 3875 superficies,
574 3816 619 3862 hoc
628 3827 669 3872 est,
681 3818 756 3862 inver-
786 3823 858 3862 tatem
873 3815 991 3861 relativam
1008 3815 1147 3870 describunt,
1164 3823 1188 3861 et
1202 3813 1316 3860 distantia
1327 3815 1356 3859 ab
1365 3827 1409 3860 ars

133 3877 196 3926 seut
205 3879 379 3938 superficierum
388 3879 502 3926 distantiae
510 3881 539 3924 ab
549 3893 605 3924 axe:
620 3895 675 3926 nam
683 3879 756 3940 cylin-
788 3888 843 3925 sunt
858 3879 952 3924 illorum
971 3893 1068 3925 arcuum
1085 3876 1151 3924 radii.
1187 3877 1234 3924 Sed
1250 3874 1410 3922 translationes

134 3942 228 3988 drorom
240 3943 345 4004 ejusdem
356 3943 508 4016 longitudinis
524 3941 655 4002 superficies
666 3953 721 3989 sunt
731 3951 758 3988 ut
789 3941 844 3989 dato
854 3951 956 4001 tempore
967 3941 1041 3996 facte,
1053 3950 1108 3988 suut
1119 3943 1158 4003 (ex
1169 3939 1307 3994 demonstr.)
1319 3948 1347 3986 ut
1362 3939 1410 3985 dis·

134 4005 249 4052 distantiae
265 4008 294 4052 ab
311 4021 353 4052 axe
364 4006 469 4066 cylindri,
487 4015 510 4053 et
520 4007 558 4053 bic
569 4021 650 4052 omnes
661 4005 757 4066 superii-
789 4006 867 4053 tantia
882 4007 912 4051 ab
927 4019 969 4052 axe
985 4003 1080 4051 inverse.
1116 4003 1196 4059 Quare
1214 4002 1348 4051 differentiae
1358 4017 1410 4048 mo-
1456 4014 1458 4016 ·

64 4111 65 4116 ,
134 4069 180 4116 ries
198 4069 345 4129 cylindricse3
365 4085 417 4131 quae
434 4070 494 4116 eirca
509 4085 576 4116 arem
588 4068 706 4116 infinitum
722 4085 757 4116 re·
788 4079 858 4116 tuum
869 4068 1024 4130 angularium,
1041 4067 1096 4115 dato
1111 4077 1221 4127 tempore,
1241 4075 1295 4113 sunt
1309 4075 1338 4112 ut
1352 4080 1409 4129 qua·

134 4133 265 4188 volvuntur,
288 4143 343 4180 sunt
360 4132 465 4196 ejusdem
487 4132 640 4195 longitudinis
661 4132 758 4180 infinitas
790 4131 856 4179 drata
865 4131 1025 4180 distantiarum
1036 4130 1133 4178 inverse.

138 4199 189 4259 (per
202 4196 283 4256 Hyp.)
834 4195 855 4256 θ)
878 4201 892 4227 ·
912 4199 986 4244 Linea
1008 4211 1077 4244 terrra
1098 4197 1245 4256 hyperbolico.
1288 4193 1407 4248 Quoniam

166 4259 200 4322 (⁰)
213 4263 226 4290 *⁸
237 4266 291 4308 527.
306 4263 594 4327 Santoutemdfflreatia·
602 4271 756 4308 motuuman-
791 4200 902 4306 ordinate
920 4260 943 4306 A
954 4275 975 4315 a,
992 4259 1049 4314 Bb,
1066 4259 1108 4304 &a
1126 4255 1278 4305 suntinverse
1288 4256 1411 4304 utabseis·

132 4326 259 4384 gulorium,
281 4325 325 4370 dcc.
359 4325 443 4370 Motus
464 4325 586 4386 angulares
606 4323 715 4370 dicuntur
733 4324 758 4379 ii,
791 4339 869 4370 sarum
888 4323 948 4379 SA,
968 4323 1085 4378 SB,'&c.
1098 4322 1224 4382 quadram
1240 4330 1355 4367 cremante
1369 4323 1409 4367 ab·

133 4386 215 4496 qplribus
224 4387 412 4496 singtlrladppncta
426 4389 497 4496 A,dl3,
507 4389 581 4496 1Ο,ΙΙ),
590 4388 621 4496 lg,
635 4389 677 4462 &f'
691 4387 759 4434 radiis
791 4386 862 4497 tspissia
873 4385 960 4496 ussine
975 4385 1029 4495 tinect
1037 4385 1165 4446 productir3
1182 4385 1411 4493 cmpind‘ffi

132 4465 324 4561 tratti.
362 4460 760 4576 §studuisti“ltu
792 4459 1411 4582 fliius{iiiwlul'sslllbilssniitiala

133 4577 206 4636 spatia
221 4577 332 4623 uniformi
349 4587 415 4623 motu
431 4578 552 4637 descripta,
573 4586 596 4623 et
612 4575 666 4626 ideo
681 4586 760 4624 motus
791 4579 855 4624 tione
870 4585 934 4637 patet
948 4586 1034 4623 rectam
1049 4590 1090 4635 per
1102 4576 1119 4622 S
1129 4575 1225 4622 ductam
1234 4575 1366 4621 normalrter
1380 4571 1411 4620 ad

134 4639 257 4702 angulares
267 4649 322 4688 sunt
333 4649 361 4688 ut
371 4640 452 4704 anguli
463 4641 570 4702 descripti
577 4641 662 4688 directe
671 4649 759 4688 ottem-
795 4644 811 4690 S
824 4643 908 4698 Qesse
918 4640 1013 4688 alteram
1023 4655 1100 4688 curvae
1110 4649 1273 4702 asymptotum.
1337 4680 1345 4691 ,
