3275 5650
279 460 343 563 res
604 494 944 562 rumosorruru
966 492 1238 561 utrumnum
1290 488 1564 570 [Meteonem

277 671 422 736 infimum
436 669 583 756 cycloidis
593 680 755 752 punctum,
772 670 812 752 (⁸)
826 680 860 733 et
874 669 933 733 erit
948 667 977 732 C
988 669 1022 732 D
1037 679 1073 731 ut
1085 667 1133 730 vis
1146 688 1167 729 a
1180 663 1332 753 gravitate
1341 661 1485 739 oriunda,
1501 662 1564 747 qud

274 799 393 861 empus
407 776 440 839 iu
455 777 489 839 D
503 764 675 839 secuudum
686 786 869 862 tangentem
889 773 1038 860 cycloidis
1057 786 1198 861 urgetur,
1224 793 1355 855 eamque
1370 770 1500 834 habebit
1512 790 1566 833 ra·

279 884 396 949 tionem
406 881 448 944 ad
461 879 688 968 longitudinem
701 880 832 965 penduli
846 880 886 966 (¹²)
896 902 990 966 quam
999 880 1095 944 habet
1109 880 1154 943 vis
1166 880 1199 941 in
1213 878 1248 943 D
1263 876 1304 940 sd
1318 876 1382 940 vim
1394 875 1565 963 gravitatis.

281 990 466 1074 Exponatur
480 979 576 1073 igitur
587 987 631 1051 vis
642 987 696 1066 ills
704 1009 760 1072 per
774 986 1003 1074 longitudinem
1013 987 1041 1051 C
1052 986 1098 1063 D,
1113 996 1145 1049 et
1157 984 1204 1048 vis
1217 981 1379 1069 gravitatis
1391 1002 1449 1065 per
1461 980 1566 1067 lougi-

278 1094 419 1161 tudinem
433 1091 572 1177 penduli,
589 1104 620 1159 et
634 1093 659 1156 si
673 1093 706 1158 in
721 1093 795 1159 DE
810 1092 950 1177 capiatur
964 1092 998 1157 D
1010 1092 1040 1156 K
1057 1092 1091 1155 iu
1105 1089 1141 1155 eri
1152 1090 1273 1153 ratione
1284 1086 1325 1150 ad
1333 1085 1564 1173 longitudinem

278 1204 408 1291 penduli
429 1224 524 1289 quum
535 1202 640 1267 'habet
659 1202 834 1267 resistentia
846 1202 889 1267 ad
901 1200 1096 1289 gravitatem,
1119 1197 1179 1261 erit
1192 1196 1226 1261 D
1244 1195 1277 1260 K
1293 1214 1455 1280 exponens
1469 1191 1566 1257 resia-

278 1316 395 1383 tautiae.
440 1312 558 1379 Centro
575 1313 603 1377 C
617 1323 649 1379 et
669 1313 833 1379 intervallo
854 1312 883 1377 C
898 1314 927 1377 Δ
951 1311 1000 1376 vel
1022 1309 1051 1374 C
1067 1308 1096 1372 B
1119 1316 1317 1371 construatur
1340 1302 1567 1368 semi-circrdus

280 1423 310 1489 B
326 1422 388 1485 Ee
404 1422 444 1484 A.
487 1421 654 1487 Describst
667 1434 772 1487 autem
786 1442 901 1505 corpus
915 1430 1056 1503 tempore
1071 1415 1166 1501 qudm
1178 1413 1310 1477 minimo
1324 1410 1460 1495 spatium
1482 1409 1516 1474 D
1532 1409 1565 1487 d,

280 1525 1129 1614 etereetisperpesdicmisnmdeciscumserenuae
1151 1519 1567 1603 occurrentibusquete,

286 2745 377 2798 erunt
391 2734 460 2797 haec
474 2743 510 2796 ut
524 2732 699 2797 velocitates
715 2698 790 2817 quas
806 2750 920 2814 corpus
938 2730 976 2793 in
994 2752 1102 2807 vacuo,
1127 2726 1345 2793 descendendo
1359 2748 1378 2790 a
1391 2738 1509 2810 puncto
1534 2724 1582 2800 B,

287 2844 459 2930 acquireret
472 2843 507 2906 in
520 2842 598 2906 loeis
619 2843 654 2908 D
669 2854 701 2908 et
714 2843 746 2906 d.
792 2842 884 2906 Patet
904 2840 965 2905 hoc
987 2846 1058 2925 (per
1074 2842 1169 2925 Prop.
1185 2839 1263 2912 Lu,
1279 2838 1351 2905 Lib.
1367 2837 1420 2918 1.).
1465 2837 1585 2918 Expo-

288 2964 403 3017 nantur
424 2954 530 3040 itaque
543 2953 594 3016 hae
608 2953 785 3032 velocitates
799 2973 857 3036 per
870 2950 1094 3034 perpendicula
1108 2949 1162 3013 illa
1181 2949 1215 3014 D
1232 2949 1272 3025 Ε,
1288 2947 1310 3010 d
1324 2969 1361 3024 e;
1382 2946 1483 3031 sitque
1497 2943 1535 3007 D
1554 2944 1588 3007 F

288 3063 433 3126 velocitas
460 3085 553 3147 quam
575 3061 706 3146 acquirit
726 3062 760 3124 in
782 3060 816 3123 D
838 3058 980 3122 cadendo
995 3059 1034 3123 de
1051 3061 1079 3124 B
1094 3060 1127 3122 in
1140 3059 1246 3122 medio
1267 3058 1438 3122 resistente.
1484 3054 1530 3118 Et
1556 3054 1589 3116 si

279 3184 398 3235 -centro
414 3172 442 3234 O
456 3182 488 3233 et
509 3169 673 3233 intervallo
689 3169 724 3232 -C
741 3169 769 3232 F
790 3169 985 3232 describatur
1006 3169 1142 3233 circulus
1164 3167 1224 3232 Ff
1234 3167 1274 3232 M
1296 3186 1462 3231 occurrens
1485 3162 1591 3226 rectis

290 3275 312 3338 d
326 3298 344 3338 e
359 3290 391 3338 et
405 3276 437 3338 A
453 3275 481 3339 B
496 3275 529 3338 in
543 3273 561 3337 f
570 3286 602 3340 et
617 3274 667 3352 M,
694 3273 726 3359 (¹)
743 3275 807 3339 erit'
826 3273 866 3338 M
886 3274 974 3340 locus
996 3275 1037 3340 ud
1059 3297 1152 3362 quem
1174 3275 1320 3362 deinceps
1343 3274 1408 3340 sine
1429 3269 1594 3336 ulteriore

290 3379 462 3446 resistentiri
478 3381 667 3458 ascenderet,
683 3393 714 3445 et
729 3380 750 3444 d
764 3379 782 3443 f
790 3379 938 3446 velocitas
952 3404 1046 3467 quam
1061 3382 1235 3468 acquireret
1247 3381 1283 3444 in
1301 3382 1333 3444 d.
1374 3380 1469 3445 Unde
1483 3378 1594 3441 etiam

292 3491 317 3553 si
334 3489 361 3554 F
374 3490 549 3576 gdesignet
560 3489 729 3555 velocitatis
743 3501 937 3556 momentum
949 3491 1037 3576 quod
1051 3513 1164 3575 corpus
1179 3491 1213 3557 D
1227 3488 1432 3554 describendo
1444 3487 1596 3572 spatium

292 3619 385 3683 quem
401 3597 563 3661 minimum
578 3598 612 3661 D
628 3598 659 3675 d,
676 3619 716 3662 ex
730 3597 905 3663 resistentid
920 3598 1016 3672 medii
1030 3599 1160 3675 amittit3
1183 3613 1215 3664 et
1228 3611 1369 3664 sumatur
1385 3599 1412 3662 C
1428 3597 1461 3662 N
1475 3617 1597 3681 aequa-

291 3705 329 3769 lis
345 3706 427 3793 cg:
452 3707 511 3770 erit
526 3707 559 3770 N
573 3706 659 3770 locus
675 3706 715 3770 ed
730 3727 823 3793 quem
845 3728 958 3791 corpus
979 3707 1127 3793 deinceps
1149 3709 1216 3773 sine
1236 3707 1384 3772 ulteriore
1405 3706 1599 3772 resistentia

292 3816 480 3894 ascenderet,
497 3827 529 3880 et
544 3816 583 3880 M
599 3817 632 3881 N
647 3818 707 3880 erit
721 3815 955 3880 decrementum
977 3817 1122 3883 ascensus
1137 3839 1178 3882 ex
1192 3817 1362 3882 velocitatis
1383 3816 1466 3880 illius
1487 3817 1600 3902 apris-

293 3926 380 3989 sione
395 3925 572 3989 oriundum.
618 3925 671 3989 Ad
693 3923 747 3988 df
767 3926 948 3990 denuttatru
969 3927 1227 4012 perpendicultun
1249 3927 1333 4004 Fm,
1357 3938 1388 3990 et
1409 3923 1603 3991 velocitatis

182 4066 185 4073 .
293 4029 371 4094 DF
397 4029 630 4094 decrementum
655 4031 718 4118 Fg
740 4055 760 4095 a
781 4032 954 4098 resistentie
976 4034 1010 4099 D
1028 4035 1233 4123 K·genitum,
1260 4033 1320 4097 erit
1344 4033 1385 4096 ud
1409 4032 1606 4100 velocitatis

292 4136 433 4220 ejusdem
447 4135 676 4202 incrementum
691 4138 709 4200 f
716 4161 749 4203 m
763 4162 783 4202 a
796 4139 828 4203 vi
845 4140 872 4203 C
887 4140 922 4204 D
936 4142 1086 4227 genitum,
1102 4154 1138 4205 ut
1152 4141 1198 4203 vis
1212 4162 1365 4226 generans
1386 4140 1420 4205 D
1438 4139 1470 4203 K
1485 4118 1532 4224 (ἶ).
1547 4141 1608 4206 ad

295 4325 381 4374 fimum
391 4343 471 4376 arcum
483 4343 553 4392 quem
565 4345 649 4392 corpus
660 4330 685 4378 in
701 4331 779 4379 medio
795 4347 844 4379 non
859 4331 928 4379 resis-
958 4332 1021 4379 enim
1040 4331 1185 4379 velocitatem
1201 4332 1296 4379 haberet
1314 4345 1399 4394 corpus
1416 4331 1442 4377 in
1461 4330 1495 4387 D,
1518 4346 1556 4382 ιο
1583 4333 1615 4382 εἰ

295 4398 359 4438 teme
370 4392 498 4441 oscillando
508 4394 617 4443 describit
631 4393 726 4444 induas
740 4397 928 4457 partesaequuies
958 4395 1047 4443 seclusi
1068 4396 1132 4442 omui
1152 4394 1281 4442 resistentis
1308 4394 1456 4456 percurrisset
1480 4394 1616 4455 sptium

296 4453 389 4504 dividit.
960 4461 981 4507 c
994 4459 1057 4508 F*-
1071 4461 1091 4506 c
1103 4459 1136 4514 Ι),
1156 4468 1181 4506 et
1195 4457 1248 4507 ides
1264 4461 1318 4522 (per
1332 4457 1403 4507 modo
1414 4459 1617 4524 monstrnt.)

329 4518 364 4584 (⁸)
378 4523 392 4550 ⁴*
406 4521 439 4570 m
454 4523 498 4570 erit
511 4524 565 4571 01>
580 4531 608 4572 ut
623 4525 802 4585 oisogrooitote
816 4525 925 4581 oriunda,
957 4522 1385 4580 inlocodhsberetvelocitstsmdf,
1400 4530 1426 4570 et
1439 4522 1467 4570 iu
1481 4521 1542 4570 loco
1569 4526 1617 4576 Μ

296 4581 340 4630 &c-
357 4591 421 4642 patet
432 4599 473 4643 per
483 4584 608 4634 demomtr.
625 4587 695 4648 Prop.
709 4587 755 4635 Ll.
770 4587 823 4634 Lib.
838 4587 860 4633 1.
958 4587 1057 4634 nullam.

329 4645 366 4711 (¹¹)
380 4650 393 4677 ⁸
409 4650 486 4700 Quom
504 4651 569 4697 habet
586 4652 621 4698 vis
639 4653 666 4698 irs
680 4653 706 4698 D
722 4654 754 4698 od
767 4653 812 4698 cim
827 4653 927 4710 gravito-
992 4650 1028 4713 (¹)
1041 4654 1054 4682 ⁰
1068 4651 1108 4698 Ae
1123 4655 1170 4700 sim
1185 4660 1335 4712 generantem
1351 4653 1413 4700 CD-
1449 4650 1623 4705 Sumenim

297 4711 455 4806 &aperilem
470 4716 491 4758 l·
506 4711 575 4773 Ptop.
591 4713 798 4762 L1.etnot462.
819 4714 872 4761 Lib.
888 4714 910 4762 Ι.
957 4714 1106 4763 velodtstum
1124 4715 1240 4763 elementa
1259 4713 1314 4762 dsto
1334 4713 1445 4774 temporis
1463 4727 1623 4769 mento

331 4775 389 4839 ()⁰
402 4777 458 4826 Erit
474 4777 507 4826 M
519 4778 624 4825 loeoead
640 4793 716 4838 quem,
735 4778 777 4824 &e
810 4777 928 4825 Esmdem
958 4778 1427 4848 geuimutviresgeuersntesflalsib.
1441 4776 1487 4837 1.).
