3275 5650
255 425 315 482 188
576 410 915 480 PHILOSOPHIAE
939 410 1211 480 NATURALIS
1266 415 1542 495 [Moniloaaoa.

252 584 350 667 partis
364 582 490 667 reliquae
505 603 576 668 qum
589 582 670 645 inter
683 603 800 644 uncum
815 592 847 647 et
859 581 1008 668 pyxidem
1021 581 1191 666 pendulam
1199 582 1408 648 tendebatur.
1454 583 1543 648 Nam

253 689 342 752 filum
362 701 484 752 tensum
508 689 546 770 (⁹)
563 686 693 750 dimidio
715 687 864 778 ponderis
889 687 937 751 sui
956 687 1130 770 pendulum
1142 711 1164 750 a
1175 688 1401 771 perpendiculo
1419 689 1541 776 digrese

254 819 322 862 sum
344 818 466 882 semper
486 807 587 882 urget.
633 794 722 858 Huic
746 795 880 878 ponderi
902 795 1055 858 addebam
1076 795 1203 878 pondus
1225 795 1305 859 alitis
1328 819 1423 880 quem
1445 799 1540 882 pyxis

252 905 402 988 capiebat.
447 903 490 971 Et
503 901 627 984 pondus
642 913 743 964 totum
757 912 824 964 erat
838 898 928 986 quasi
939 922 1014 984 pars
1032 903 1260 988 sepmagesima
1279 915 1389 966 oetam
1408 905 1539 988 pyxidis

250 1012 446 1076 metallorum
461 1010 573 1094 plenm.
619 1009 705 1074 Tum
719 1011 867 1095 quoniam
879 1009 973 1095 pyxis
985 1011 1183 1074 metallorum
1195 1007 1298 1095 pleian,
1321 1012 1462 1095 pondere
1474 1035 1537 1076 suo

220 1179 227 1195 ,
250 1118 408 1182 tendendo
429 1117 528 1194 filum,
556 1115 689 1203 augebat
711 1116 938 1202 longitudinem
962 1116 1104 1200 penduli,
1134 1119 1358 1182 eoumabebam
1385 1118 1473 1182 iilum
1494 1132 1538 1184 ut

249 1222 378 1308 penduli
388 1225 455 1308 jam
469 1221 637 1290 oscillantis
652 1223 761 1286 eadem
775 1235 857 1286 esset
869 1223 1035 1310 longitudo
1047 1244 1086 1286 ao
1097 1223 1197 1306 prius.
1237 1224 1324 1288 Dein
1336 1224 1477 1308 pendulo
1489 1226 1535 1292 ad

249 1331 353 1394 locum
369 1331 471 1414 primo
485 1343 627 1395 notatum
641 1341 775 1394 retracto
790 1352 827 1393 ao
841 1329 980 1406 dimisso,
1001 1329 1204 1393 nrmerabam
1223 1330 1432 1397 oscillationes
1444 1331 1536 1416 qussi

250 1439 445 1525 septuaginta
459 1451 492 1502 et
505 1452 634 1524 septem,
660 1439 760 1502 donee
781 1441 874 1526 pyxis
892 1440 934 1502 ad
954 1439 1060 1504 looum
1084 1439 1221 1507 seeundo
1244 1451 1387 1507 notatum
1404 1442 1534 1520 rediret,

246 1543 440 1631 totidemque
454 1545 585 1612 subinde
599 1546 701 1610 donee
713 1545 804 1630 pyxis
826 1545 870 1609 ad
886 1545 991 1609 locum
1010 1545 1265 1610 tertiomotatum
1283 1546 1409 1623 rediret,
1435 1560 1529 1633 atque

173 1655 177 1662 ’
247 1671 354 1714 marsus
370 1651 499 1716 totidem
521 1651 621 1716 donee
634 1652 726 1738 pyxis
740 1652 842 1716 reditu
856 1675 914 1719 suo
927 1653 1093 1739 attingeret
1112 1651 1218 1716 locum
1234 1665 1390 1737 quartum.
1436 1655 1534 1721 Unde

248 1757 402 1822 oonoludo
428 1758 513 1844 quod
538 1759 712 1822 resistentia
726 1770 791 1822 totu
804 1758 931 1844 pyxidis
943 1758 1045 1842 plenae
1058 1779 1124 1822 non
1137 1759 1288 1843 majorem
1301 1759 1438 1828 habebat
1456 1783 1535 1846 pro-

246 1865 423 1950 portionem
437 1866 478 1930 ad
492 1865 836 1952 resistentiam-pyxidis
851 1887 957 1929 vaeuae
970 1862 1063 1950 quim
1079 1871 1119 1933 78
1135 1865 1176 1931 ad
1187 1871 1237 1933 77.
1263 1947 1268 1955 ⁴
1282 1865 1365 1931 Nam
1380 1867 1408 1930 si
1422 1890 1529 1953 mque·

247 1975 292 2038 les
308 1987 412 2038 essent
424 1975 586 2040 ambarum
600 1974 792 2062 resistentiae,
807 1972 900 2058 pyxis
913 1971 1006 2056 plena
1021 1973 1063 2038 ob
1077 1973 1139 2038 vim
1155 1995 1243 2039 susm
1262 1970 1391 2038 insiuun-
1407 1986 1535 2059 sepnia-

204 2071 208 2079 ¹
246 2082 314 2168 gies
328 2093 360 2144 et
373 2082 470 2146 octies
483 2083 634 2167 majorem
648 2082 681 2144 vi
693 2079 784 2144 insiti
799 2079 924 2164 pyxidis
937 2101 1054 2157 vacue,
1066 2091 1189 2147 motum
1203 2089 1297 2150 suum
1310 2080 1533 2149 oscillstorium

246 2201 334 2256 tanto
356 2190 471 2254 diutius
494 2212 677 2254 conservare
698 2189 838 2265 deberet,
867 2201 961 2274 atque
980 2188 1053 2254 ided
1074 2189 1236 2273 eompletis
1262 2211 1386 2274 semper
1408 2191 1535 2256 oscilla-

246 2299 383 2363 tionibus
399 2306 439 2365 78
456 2299 495 2381 (q)
511 2298 551 2361 ad
566 2299 636 2362 loca
650 2298 705 2362 illa
717 2309 826 2362 notata
840 2297 952 2363 redire
998 2299 1105 2364 Rediit
1126 2310 1229 2364 autem
1251 2300 1292 2364 ad
1313 2299 1425 2364 eadem
1445 2323 1533 2365 oom-

245 2408 337 2492 pletis
353 2408 596 2472 oscillationibus
612 2416 663 2476 77.

184 2563 185 2566 ι
288 2515 446 2601 Designet
463 2516 558 2602 igitur
572 2516 605 2579 A
619 2515 825 2580 resistentiam
846 2515 971 2600 pyxidis
986 2515 1018 2578 in
1032 2515 1130 2599 ipsius
1151 2516 1315 2600 superficie
1335 2515 1476 2594 externi,
1500 2528 1531 2580 et

247 2620 278 2684 B
287 2621 496 2684 resistentiam
509 2621 633 2706 pyxidis
649 2644 754 2686 vacuae
768 2623 802 2687 in
811 2622 951 2706 partibus
965 2621 1112 2696 internis3
1135 2633 1166 2685 et
1180 2623 1207 2685 si
1220 2622 1403 2686 resistentiae
1417 2643 1533 2706 corpo-

245 2749 316 2792 rum
330 2728 563 2812 aequivelooium
576 2729 609 2792 in
623 2729 764 2812 partibus
778 2729 908 2794 internis
922 2728 984 2792 sint
997 2739 1033 2792 ut
1045 2729 1185 2805 materis,
1202 2751 1257 2792 seu
1267 2751 1416 2793 numerus
1430 2729 1533 2812 parti-

246 2838 385 2901 cularum
407 2838 518 2923 quibus
537 2838 705 2903 resistitur:
732 2838 792 2903 erit
808 2844 848 2905 78
868 2835 1084 2901 Bresistentin
1103 2836 1228 2921 pyxidis
1249 2836 1351 2919 plenae
1373 2838 1409 2899 in
1429 2837 1535 2920 ipsius

245 2944 384 3029 partibus
406 2944 551 3009 internis:
576 2944 709 3030 idedque
730 2942 856 3029 pyxidis
874 2964 980 3007 vacuae
994 2942 1166 3005 resistentia
1178 2942 1289 3005 tota-A
1310 2952 1342 3017 -Ι-
1364 2942 1466 3005 Berit
1488 2942 1535 3006 ad

244 3095 635 3223 serrum
645 3168 871 3209 n
902 3091 1310 3153 r

244 3234 362 3285 pavimus
379 3233 413 3271 est
424 3240 448 3269 m
468 3224 520 3271 loco
538 3224 616 3271 medlo
636 3225 664 3278 C,
688 3228 738 3287 (59.
759 3224 813 3270 Lib.
833 3221 869 3283 l.)
902 3220 1029 3297 spanarlla
1040 3221 1161 3296 ,oqmpleta
1170 3221 1424 3295 umcalprxrdrsvacuae
1434 3220 1527 3266 oscilla·

170 3368 173 3375 ,
243 3284 871 3417 sterneremus
901 3284 1533 3409 ..8888888

901 3428 962 3473 prxrs
972 3412 1048 3472 plena
1060 3412 1180 3471 eompletis
1189 3426 1279 3471 semper
1289 3412 1471 3461 oemllauembus
1486 3416 1532 3469 78,

902 3478 932 3526 ad
941 3477 994 3523 loos
1003 3484 1082 3523 notata
1091 3476 1182 3522 rediret.

539 3504 547 3588 l
936 3538 998 3590 cum
1013 3540 1038 3585 in
1054 3538 1097 3585 hic
1114 3539 1220 3585 sectione
1231 3539 1278 3586 VI.
1292 3540 1423 3586 Nestorius
1436 3537 1533 3585 desolo

314 3588 348 3638 Α
531 3601 554 3651 G
764 3591 798 3651 Β
903 3618 1026 3663 oorponrm
1042 3603 1068 3649 in
1083 3603 1187 3664 sydoide
1197 3594 1353 3652 oscillautium
1368 3613 1434 3650 motu
1444 3604 1532 3665 egerit,

902 3666 978 3713 multa
998 3664 1052 3713 ιιι-ὸ
1068 3682 1082 3713 ιι
1096 3666 1262 3713 recentioribus
1280 3666 1414 3713 authoribus
1433 3668 1532 3713 inventa

244 3746 365 3814 ιιιιιχ
376 3746 431 3793 aa
444 3746 493 3811 (sa
505 3743 559 3793 mu.
571 3741 870 3806 manduessedum
901 3730 955 3805 sint,
971 3730 1058 3805 qums
1072 3730 1185 3792 emeli·
1194 3730 1336 3777 Μινώα
1346 3729 1423 3805 §terrie
1431 3730 1532 3803 repes·

244 3818 274 3863 ³st
283 3813 375 3875 pondus
391 3809 414 3867 Q
430 3812 455 3861 in
473 3812 496 3859 Β
510 3808 636 3859 locandum
646 3816 674 3855 ut
683 3820 830 3858 momentum
846 3811 872 3865 Q
901 3794 957 3841 bbet
967 3796 1056 3841 theona
1070 3795 1140 3857 longe
1150 3804 1255 3854 promota
1266 3804 1307 3851 est,
1319 3809 1431 3854 principia
1441 3796 1531 3855 qmbus

247 3884 272 3937 χ
288 3881 311 3926 Α
325 3881 347 3926 B
364 3874 499 3939 aequivaleet
517 3880 636 3919 momento
652 3886 693 3919 seu
704 3872 727 3916 vi
739 3871 771 3917 lili
783 3874 868 3932 totius;
901 3856 1365 3921 fflfflflifflquenffprobltmatebmiter
1372 3872 1531 3917 apotomes!-
1624 3926 1630 3931 ρ

244 3944 287 3990 erit
304 3944 366 3999 Q><
382 3934 869 4009 ass=y1»<au3isqoqueo=

243 4006 260 4069 ᾖ
278 4008 305 4055 P.
343 4003 423 4061 Quare
444 4003 511 4049 filum
532 4011 624 4047 tensum
643 3999 740 4049 d1m1d10
761 4001 870 4061 ponderis

244 4070 281 4115 sui
294 4068 455 4131 Ppendulum
467 4082 480 4113 a
491 4062 657 4125 perpendloulo
668 4064 797 4126 digressum
808 4080 869 4113 sem-
1081 4063 1345 4113 PROBLEMATA.

261 4148 287 4181 er
293 4148 322 4181 ur
339 4144 369 4181 et.

244 4148 310 4259 pff)
322 4150 338 4229 Ξ
348 4200 387 4244 Aa
397 4199 445 4243 loca
455 4197 496 4242 illa
507 4202 585 4243 notato
596 4194 676 4239 redire.
703 4191 870 4240 Sireslstentiae
903 4198 956 4241 188.
984 4193 1107 4241 Tendente
1128 4193 1151 4239 vi
1171 4194 1288 4254 g'ravitatis
1308 4192 1420 4239 uniformi
1441 4192 1531 4254 ubique

243 4257 655 4321 insingulisoscilletionibusessent
668 4256 775 4317 equales,
792 4265 871 4303 meurs
932 4257 1299 4317 perpendiculariteradplanum
1313 4256 1445 4308 horizontis.
1466 4256 1530 4303 defi-

243 4322 327 4377 amissi,
344 4332 371 4370 ut
382 4322 436 4383 pote
447 4321 580 4369 resistentiis
590 4320 777 4379 proportionales,
794 4330 870 4368 esseut
932 4322 983 4368 nire
998 4330 1090 4367 motum
1108 4321 1209 4379 corporis
1225 4336 1266 4381 per
1287 4336 1382 4367 cumam
1400 4320 1532 4382 quamlibet

243 4380 871 4505 illistrdntzittffiffltllzffil
932 4384 1425 4497 trduluffrlmllblddt
1436 4384 1531 4497 dit

243 4528 368 4573 corporum
380 4521 404 4559 et
413 4466 485 4573 ipatia
500 4513 602 4559 motibus
617 4511 705 4558 emissis
720 4510 871 4558 describenda
932 4464 1048 4573 quaeliliet.

243 4578 401 4641 conjuretim3
413 4574 512 4637 idedque
520 4574 641 4635 spatiailla
649 4583 724 4621 essent
731 4582 759 4621 ut
767 4573 871 4634 pondera

242 4640 347 4700 inverse;
366 4642 411 4689 boc
428 4648 470 4695 est,
490 4640 589 4699 spatium
607 4647 673 4684 motu
689 4637 774 4699 pixidis
789 4652 870 4684 vacue
935 4638 975 4685 De
990 4653 1112 4698 corporum
1130 4653 1226 4686 ascensu
1244 4654 1271 4685 ae
1288 4640 1399 4686 descensu
1416 4638 1441 4684 iu
1460 4637 1532 4687 lineis

241 4707 327 4755 amisso
340 4705 366 4753 in
384 4699 434 4752 uui
449 4702 591 4751 oscillatione
608 4700 793 4760 describendum,
803 4710 870 4749 ¹esset
900 4702 968 4750 rectis
978 4702 1008 4753 ed
1018 4703 1161 4751 horizontem
1176 4702 1394 4766 quomodocumque
1409 4702 1532 4751 inclinatis
