3275 5650
95 444 200 509 Lmen
217 438 383 533 secono]
412 436 652 505 PRINCIPIA
676 430 1047 501 MATHEMATIOA.
1307 443 1368 505 ist

80 622 267 708 constructo
281 620 313 673 et
328 608 536 695 demonstrata
551 620 631 684 sunt,
660 608 718 671 erit
738 608 793 684 vis,
817 608 877 695 qud
900 627 1013 691 corpus
1028 606 1173 672 oscillans
1187 621 1316 695 urgetur
1335 611 1371 672 in

2 772 3 781 t
93 718 158 781 loco
179 716 290 802 quovis
313 715 357 790 D,
380 714 420 777 nd
441 714 504 775 vim
525 714 706 777 resistentiae
721 726 756 777 ut
769 735 860 777 orcus
876 714 904 777 C
919 712 953 777 D
975 713 1016 777 ad
1030 734 1136 776 arcum
1151 712 1181 777 C
1196 712 1238 790 Ο,
1261 716 1301 797 (⁸)
1317 714 1371 800 qui

2 876 5 897 .
94 824 224 891 semissis
249 834 296 885 est
321 820 502 883 differentioe
526 819 607 883 illius
632 821 662 882 A
684 842 711 882 a.
757 819 896 904 Ideoque
921 820 977 896 vis,
1008 818 1069 903 qui
1092 839 1207 903 corpus
1228 820 1371 884 oscillum

2 2432 4 2479 t
95 2460 220 2535 urgetur
233 2450 267 2513 in
283 2451 430 2537 cycloidis
444 2452 598 2536 principio
613 2473 667 2515 seu
680 2464 799 2534 puncto
813 2451 973 2527 altissimo,
998 2450 1037 2535 (¹¹)
1052 2452 1156 2528 idest,
1179 2450 1226 2514 vis
1240 2448 1374 2537 gravita-

94 2557 139 2632 tis,
162 2560 223 2621 erit
237 2558 279 2621 ed
293 2560 500 2623 resistentiam
514 2573 550 2624 ut
563 2582 658 2623 arcus
669 2559 816 2644 cycloidis
832 2560 913 2623 inter
925 2573 1075 2643 punctum
1098 2558 1177 2622 illud
1192 2576 1374 2641 supremum

94 2678 123 2727 et
141 2678 294 2748 punctum
315 2667 458 2731 infimum
474 2667 502 2730 C
517 2666 558 2731 ad
572 2686 679 2729 arcum
703 2666 730 2729 C
748 2666 796 2741 03
819 2666 916 2729 idest
937 2666 977 2750 (si
996 2688 1085 2729 arcus
1108 2663 1316 2748 duplicentur)
1338 2671 1375 2725 ut

93 2772 237 2858 cycloidis
263 2774 357 2838 totius
381 2796 482 2852 orcus,
512 2773 545 2860 (¹)
561 2797 615 2838 seu
638 2772 734 2857 dupla
755 2771 884 2856 penduli
904 2771 1077 2860 longitude,
1104 2770 1145 2836 sd
1170 2790 1276 2835 arcum
1298 2768 1330 2832 A
1343 2788 1372 2831 a.

93 2881 133 2955 Q.
148 2904 175 2944 e.
193 2882 224 2944 d.

324 3197 604 3264 PROPOSITIO
627 3198 763 3264 XXIX.
809 3197 1068 3264 PROBLEMA
1090 3197 1148 3261 VI.

89 3434 200 3516 Posito
226 3433 305 3514 quod
326 3435 445 3512 corpori
470 3434 503 3494 in
527 3434 655 3516 cycloide
677 3433 829 3495 oscillanti
852 3433 1001 3494 resistitur
1023 3435 1056 3494 iu
1078 3429 1233 3513 duplicata*
1254 3431 1374 3493 ratione

318 3541 502 3601 velocitatis.-
526 3542 660 3602 invenire
673 3541 873 3602 resistentiam
888 3540 921 3600 in
936 3541 1007 3611 locis
1022 3541 1158 3623 singulis.
1285 3523 1289 3528 ⁵

134 3761 185 3824 Sit
202 3760 232 3824 B
247 3783 267 3822 a
281 3781 370 3824 mens
383 3762 574 3827 oscillatione
589 3763 708 3851 integri
730 3765 911 3850 descriptus,
938 3766 1037 3851 sitque
1052 3765 1081 3829 C
1094 3766 1236 3828 infimum
1258 3763 1372 3848 cycloi⁴

86 3867 138 3929 dis
154 3880 317 3951 punctum,
344 3880 376 3931 et
391 3871 418 3933 C
435 3871 460 3934 Z
475 3873 607 3936 semissis
630 3895 717 3937 arcus
740 3874 886 3959 cycloidis
909 3875 1012 3951 totius,
1037 3873 1224 3962 longitudini
1244 3869 1373 3956 penduli

85 3973 240 4060 ecqualis3
270 3986 301 4039 et
326 3987 482 4060 quaeratur
505 3979 677 4044 resistentia
700 3980 839 4064 corporis
864 3980 897 4042 in
922 3978 993 4045 loco
1021 3980 1130 4066 quovis
1155 3979 1200 4042 D.
1245 3979 1373 4042 Secetur

84 4207 178 4254 resistit
195 4205 308 4263 medium,
332 4205 357 4251 ln
375 4221 469 4255 ascensu
489 4205 568 4254 minus
588 4207 658 4269 quum
676 4221 718 4269 pro
751 4204 1218 4256 Aa-co=cB-013=c
1234 4202 1266 4259 0,
1283 4201 1373 4250 ethinc

83 4273 183 4318 retiam
199 4270 333 4326 velocitatis,
352 4280 376 4318 et
392 4285 420 4316 ex
435 4269 612 4332 utriquecsnsd
626 4279 718 4332 tempus
751 4272 872 4319 Aa=2
885 4271 905 4320 c
918 4269 1197 4332 o.acco=4no

81 4333 239 4394 producitur.
276 4335 338 4380 Nem
351 4331 398 4396 qud
413 4335 488 4397 major
503 4345 537 4382 est
551 4335 677 4382 resistentia
692 4336 718 4381 ln
782 4335 818 4412 (ἢ)
832 4339 845 4367 ”
858 4338 888 4383 Id
897 4344 935 4391 est,
947 4337 1112 4396 cogroscunt.
1148 4331 1178 4379 In
1188 4328 1368 4394 cycloidisprio-

83 4397 217 4453 descensu,
230 4405 253 4443 et
264 4397 340 4443 minor
349 4397 374 4442 in
385 4413 489 4456 mensu,
507 4414 535 4446 co
545 4399 620 4463 magis
634 4397 719 4461 produ·
751 4401 812 4461 cipro
822 4399 869 4446 sive
879 4407 967 4460 puncto
977 4397 1088 4445 altissimo
1102 4405 1201 4458 tangens
1215 4393 1325 4456 cycloidis
1339 4401 1374 4440 est

80 4463 151 4520 citur
164 4469 267 4522 tempus,
279 4471 386 4520 utsupra
397 4461 484 4510 dimum
496 4472 536 4510 est.
751 4464 776 4510 in
787 4463 912 4511 directione
922 4461 1044 4525 gravitatis,
1061 4469 1086 4508 et
1095 4459 1181 4507 idcirco
1190 4458 1225 4506 vis
1235 4459 1260 4504 in
1270 4455 1374 4520 cycloido

115 4524 159 4588 (⁸)
174 4529 187 4554 θ
205 4527 253 4578 Qui
270 4527 366 4573 semotis
383 4535 415 4572 est
436 4525 568 4589 dissonum
584 4529 645 4576 illius
660 4529 685 4574 A
695 4545 717 4574 a.
752 4527 848 4590 equalis
858 4536 893 4574 est
902 4526 925 4573 vi
932 4524 1050 4588 pavium
1065 4525 1090 4570 ln
1105 4523 1146 4570 illo
1161 4531 1257 4585 puncto,
1272 4531 1301 4568 ut
1310 4526 1374 4581 potet

84 4588 155 4636 Nam
178 4591 234 4652 (per
252 4587 331 4649 Hyp.)
351 4603 417 4635 arcus
430 4589 450 4637 C
464 4593 486 4636 Α
504 4590 642 4652 aequalisest
657 4589 721 4638 moui
752 4606 781 4639 ex
792 4592 847 4639 Cor.
861 4591 931 4650 Prop.
944 4588 990 4636 LI.
1003 4589 1056 4636 Lib.
1071 4587 1092 4635 1.

84 4653 106 4700 c
119 4655 156 4708 Β,
179 4663 205 4701 et
225 4653 280 4714 (per
299 4653 353 4699 Cos.
374 4653 442 4714 Prop.
463 4653 563 4714 XXV.)
582 4666 649 4700 meus
665 4654 691 4702 0
706 4668 721 4699 a
784 4654 815 4718 (¹)
829 4658 842 4686 ⁰
854 4658 899 4704 &a
909 4655 981 4714 duplo
994 4654 1092 4716 penduli
1105 4653 1225 4714 longitudo
1237 4651 1304 4714 (462.
1317 4643 1373 4694 ht·

84 4715 313 4778 aqualisestarcui
326 4715 348 4762 0
362 4716 663 4780 B;quereCA-Os,
678 4729 720 4765 seu
752 4717 796 4779 1.).
870 4760 873 4764 Δ
