3275 5650
258 447 324 505 320
654 437 775 486 INDEX
791 437 1107 488 Pnorosirlonuu.

301 628 405 677 eaor.
420 629 510 676 xmr.
542 627 679 676 nunna
693 590 867 675 xxxurf‘

258 713 343 762 Motus
352 714 427 760 omnis
435 729 476 774 per
482 712 581 760 liuidum
589 722 730 774 propagatus
738 713 814 760 diver·

288 777 324 839 git
333 794 348 824 e
358 777 520 825 rectotrnmite
529 777 554 822 in
566 777 639 836 spatia
654 777 749 822 immota
750 808 811 824 ......
829 764 875 824 25¹7

299 885 403 934 PROP.
417 883 524 932 XLIII.
553 883 690 932 THEOR.
705 883 834 931 XXXIV.

259 941 351 1026 Coipus
367 982 436 1013 omne
452 966 578 1013 tremulum
592 967 616 1013 in
632 967 709 1014 medio
719 966 812 1015 elastico

288 1030 423 1092 propagabit
436 1039 526 1077 motum
541 1029 653 1089 pulsuum
668 1029 772 1090 undique
786 1030 813 1076 itt

288 1094 416 1148 directum
438 1094 464 1138 in
481 1093 558 1139 medio
579 1092 633 1139 vero
651 1107 699 1139 nou
720 1093 814 1140 elastico

289 1167 380 1204 motum
390 1155 525 1202 circularem
535 1156 650 1204 excitebit.
654 1188 811 1205 ...............
829 1159 875 1205 665

306 1263 411 1313 PROP.
426 1263 525 1312 XLIV.
560 1264 696 1312 maort.
711 1265 825 1339 XXXV.

259 1348 285 1398 Si
303 1363 364 1410 aque
381 1348 406 1394 in
425 1347 511 1396 uenalis
526 1349 630 1398 crunlrus
646 1351 727 1398 uectis
744 1351 769 1398 Κ
782 1351 811 1410 L,

290 1413 319 1460 Μ
335 1413 355 1458 Ν
367 1413 455 1458 ritibus
464 1412 557 1459 alternis
567 1413 675 1462 escendat
684 1424 708 1462 et
718 1414 813 1462 descen·

289 1475 337 1531 dat,
352 1484 497 1522 construatur
512 1485 590 1522 autem
606 1478 734 1536 pendulum
745 1479 813 1540 cujus

188 1579 192 1592 ,
289 1538 412 1600 longitudo
422 1539 483 1584 iuter
494 1550 607 1598 punctum
623 1541 778 1600 suspensionis
788 1552 812 1588 et

290 1613 394 1648 cunnum
406 1602 553 1649 oscillationls
560 1605 755 1663 equetursemissi
761 1605 812 1651 lon.

291 1664 404 1727 gitudiuis
409 1680 475 1727 aquae
483 1665 508 1711 iu
518 1665 604 1712 munli:
622 1666 674 1714 dioo
683 1667 746 1729 quod
753 1683 814 1729 aqua

290 1727 398 1774 ascendet
408 1738 433 1774 et
447 1727 570 1775 desoeudet
580 1728 661 1776 iisdem
672 1732 815 1792 temporibus

290 1791 375 1853 quibus
381 1791 511 1852 pendulum
519 1791 636 1839 oscillatur
636 1825 812 1844 .................
830 1799 877 1843 266

306 1896 411 1946 PROP.
425 1897 509 1946 XLV.
529 1898 665 1946 THEOR.
675 1899 806 1949 XXXVI.

259 1982 383 2030 Undarum
399 1984 507 2031 velocitas
517 1993 551 2031 est
566 1984 591 2031 in
606 1985 766 2046 subduplicati
776 2001 812 2034 ra·

289 2045 514 2099 tionelatitudiuum.
518 2079 811 2098 ............................
829 2053 875 2098 268

349 2153 453 2201 PROP.
466 2154 564 2201 XLVI.
601 2154 729 2202 PROBL.
743 2155 777 2203 X.

258 2235 367 2282 Invenire
375 2235 518 2282 velocitatem
526 2236 642 2284 undarum
643 2269 809 2285 ................
814 2236 872 2285 ibid.

283 2342 388 2390 PROP.
403 2343 517 2389 XLVII.
548 2342 684 2389 THEOll..
700 2343 846 2390 XXXVII.

257 2424 368 2471 Pulsibus
383 2439 423 2483 per
439 2423 539 2470 fluidum
554 2424 693 2486 propagatis,
710 2425 809 2487 singulte
871 2453 873 2459 ι

286 2486 352 2532 fluidi
363 2487 487 2547 particule.
503 2497 570 2533 motu
581 2488 697 2547 reciproco
707 2489 810 2534 brevissi·

286 2559 413 2596 moeuntes
420 2558 444 2595 et
450 2549 580 2606 redeumes,
589 2552 809 2597 accelerantursem-

285 2627 328 2674 per
349 2622 374 2660 et
393 2613 537 2660 retardantur
557 2629 600 2674 pro
617 2615 670 2676 lege
686 2615 811 2662 oscillantis

286 2675 395 2737 penduli..
400 2708 809 2727 .......................................
827 2683 874 2727 270

952 627 1110 688 subduplicati
1117 629 1206 678 retIone
1213 631 1331 679 densitatis
1340 632 1444 690 inverrd3
1456 634 1476 680 si
1492 597 1530 636 ω

951 693 1022 738 modo
1032 692 1098 739 fluidi
1109 694 1143 740 viu
1153 693 1246 741 elastice
1256 695 1359 756 ejusdem
1374 699 1476 742 conden-

952 755 1034 802 senoni
1044 757 1219 816 proportionalis
1230 773 1278 804 esse
1288 769 1472 820 supponatur...
1491 764 1538 809 287

1001 860 1106 910 PROP.
1120 863 1221 910 XLIX.
1258 864 1387 913 PROBL.
1401 866 1451 912 XI.

922 944 990 994 Datis
1001 945 1070 992 medii
1078 946 1190 994 densitate
1200 957 1224 994 et
1233 947 1254 994 vi
1261 947 1361 1006 elastIed,
1372 948 1477 996 invenire

952 1008 1094 1057 velocitatem
1110 1009 1220 1070 pulsuum
1223 1044 1474 1060 ........................
1493 1017 1540 1062 289

1032 1112 1136 1162 PROP.
1151 1114 1181 1162 1.
1216 1115 1346 1164 PROBL.
1360 1115 1425 1163 XII.
1438 1183 1442 1190 Ι

921 1199 1030 1247 Invenire
1039 1200 1152 1260 pulsuum
1167 1199 1285 1248 distantias
1286 1234 1476 1250 ..................
1493 1205 1541 1252 292

985 1306 1089 1354 PROP.
1104 1307 1149 1354 LI.
1185 1307 1327 1354 Trition.
1336 1307 1468 1355 XXXIX.
1521 1319 1525 1324 ·

923 1391 948 1440 Si
957 1391 1076 1453 cylindrus
1083 1362 1170 1439 iolidus
1178 1391 1267 1438 tanniu
1273 1392 1358 1453 longus
1368 1392 1391 1437 iu
1402 1392 1476 1438 fluido

952 1455 1062 1502 uniformi
1073 1465 1097 1502 et
1108 1456 1198 1502 indultu
1209 1456 1269 1502 circa
1278 1471 1346 1502 arem
1363 1455 1475 1514 positione

952 1518 1033 1566 datum
1044 1519 1154 1566 uniformi
1166 1534 1220 1565 cum
1232 1528 1297 1564 mutu
1305 1518 1441 1575 revolvatur,
1450 1527 1475 1565 et

951 1585 982 1629 eb
997 1583 1067 1644 huJus
1076 1582 1178 1643 Impulsu
1189 1583 1238 1628 solo
1249 1581 1436 1642 ageturiluidnm
1447 1581 1474 1627 iu

952 1648 1038 1700 orbem,
1049 1655 1176 1706 perseveret
1186 1654 1264 1692 autem
1276 1644 1341 1691 fluidi
1352 1660 1404 1704 pars
1414 1659 1473 1690 una·

952 1724 1049 1772 querque
1067 1709 1213 1756 uniformiter
1228 1709 1253 1754 ln
1268 1709 1334 1755 motu
1350 1723 1406 1765 suo;
1423 1708 1476 1754 dico

952 1771 1014 1834 quod
1033 1781 1138 1832 tempora
1154 1772 1270 1832 periodica
1286 1771 1386 1837 partium
1407 1770 1474 1817 fluidi

952 1845 1007 1883 sunt
1022 1846 1049 1883 ut
1064 1837 1166 1895 ipsarum
1183 1835 1298 1882 distantiae
1309 1837 1338 1881 ab
1348 1849 1391 1881 are
1401 1834 1473 1895 cylin-

951 1899 994 1946 dri.
998 1930 1471 1948 .............................................
1490 1901 1538 1945 298

1014 2004 1119 2052 PROP.
1135 2004 1196 2052 LlI.
1230 2002 1365 2050 Timon.
1381 2002 1439 2049 XL.

920 2088 945 2136 st
955 2090 1044 2148 tpraer.
1053 2087 1132 2141 ..uu
1145 2087 1169 2134 tn
1181 2087 1253 2133 tutuo
1263 2086 1373 2134 uniformi
1385 2095 1407 2132 et
1417 2086 1471 2132 ns.
1507 2123 1509 2130 s
1587 2068 1588 2081 ¹

949 2151 1006 2206 nito,
1017 2149 1077 2197 circe
1087 2165 1155 2196 arem
1165 2151 1278 2210 positione
1288 2149 1368 2196 datum
1384 2149 1473 2196 unlfor-

949 2214 983 2259 mi
994 2227 1048 2259 cum
1058 2223 1123 2259 motu
1130 2212 1265 2269 revolvatur,
1277 2222 1300 2258 et
1310 2214 1339 2259 ab
1350 2213 1418 2274 hujus
1429 2213 1472 2258 im-

948 2275 1018 2336 pulsu
1039 2276 1089 2326 solu
1112 2284 1195 2338 agatur
1216 2275 1315 2323 fluidum
1335 2276 1360 2321 in
1382 2279 1468 2330 orbem.

948 2349 1075 2399 perseveret
1090 2352 1168 2386 autem
1184 2339 1250 2386 fluidi
1266 2354 1318 2398 pars
1327 2354 1473 2400 unaquaeque

949 2402 1093 2450 uniformiter
1104 2403 1128 2449 ip
1139 2412 1204 2450 motu
1213 2418 1268 2449 suo:
1282 2403 1404 2464 dicoquod
1416 2413 1473 2448 tem-

948 2481 1005 2526 pora
1023 2465 1137 2526 periodica
1155 2467 1254 2527 partium
1272 2465 1338 2512 fluidi
1356 2475 1425 2512 erunt
1445 2473 1473 2511 ut

948 2529 1059 2592 quadrata
1069 2529 1470 2590 distantiarumacentrosphaerae...
1489 2534 1538 2576 802

998 2659 1100 2708 PROP.
1116 2659 1193 2708 LIII.
1229 2661 1366 2708 TIIEOR.
1380 2660 1455 2708 XLI.

921 2745 1029 2805 Corpora,
1040 2760 1093 2807 quie
1104 2746 1128 2792 ln
1139 2745 1224 2792 vortice
1234 2744 1309 2792 delata
1316 2745 1342 2792 in
1349 2747 1425 2791 orbem
1435 2759 1473 2790 re·

272 2781 377 2830 PROP·
393 2780 523 2829 XLVIII·
543 2782 680 2831 THEOR·
692 2784 854 2833 XXXVIII·
950 2808 1029 2864 deuut,
1047 2809 1150 2872 ejusdem
1161 2819 1216 2856 sunt
1226 2808 1344 2855 densitatis
1354 2824 1408 2855 cum
1420 2823 1472 2855 var·

257 2867 375 2915 Pulsuurn
392 2867 418 2912 in
434 2866 508 2914 fluido
522 2868 616 2914 elastico
631 2878 809 2931 propagatorum

287 2930 418 2976 velocitates
433 2940 488 2976 sunt
503 2931 527 2976 in
543 2932 631 2978 ratione
646 2934 811 2992 componun

147 3030 152 3040 .
201 2990 203 2992 ’
286 2990 811 3054 muduplioettranoueviseusocaedireueet

949 2873 1001 2929 tice,
1021 2883 1044 2921 et
1059 2874 1140 2921 eadem
1156 2872 1208 2934 lege
1223 2887 1277 2919 cum
1288 2873 1360 2932 ipsIus
1370 2871 1474 2932 partibus

949 2937 1025 2998 quoad
1044 2937 1186 2983 velocitatem
1202 2946 1225 2981 et
1241 2951 1322 2981 cursus
1332 2935 1472 2982 determina-

949 3000 1036 3047 tionem
1046 3010 1168 3047 moventur
1168 3031 1376 3048 ....................
1377 3032 1386 3068 .·
1389 3030 1472 3047 ........
1489 3003 1539 3047 ³13

526 3414 622 3465 FINIS
639 3415 944 3467 PROPOSITIONUM
962 3417 1067 3467 LIBRI
1081 3392 1255 3466 ¹SIICUNDI.

741 4188 1030 4199 ——n—n———n-

792 4218 975 4267 GLASGUAE:

663 4309 778 4344 tvnnms
790 4308 938 4343 ariminus
950 4309 978 4343 u.
988 4308 1099 4354 nuncin,

757 4370 871 4409 uetante
880 4369 1012 4419 mugram.
