3275 5650
239 435 302 492 ‘248
561 419 902 488 PHILOSOPHIAE
923 419 1193 484 NATURALIS
1236 418 1347 498 [Mor.
1363 417 1518 480 Censor.

240 600 279 661 17
307 606 339 658 et
370 603 423 671 18,
454 592 668 658 describentes
700 587 896 654 altitudinem
930 586 1047 672 pedum
1081 585 1259 672 quindecim
1285 597 1319 650 et
1346 581 1518 672 digitorum

217 699 382 762 'duorum
491 736 495 742 ·
1039 731 1041 739 ι

279 806 343 870 Per
372 804 524 868 theoriam
555 802 667 866 cedere
698 801 875 869 debuerunt
902 813 1044 886 tempore
1075 799 1303 866 oscillationum
1335 809 1375 866 15
1406 821 1515 885 quam-

235 914 387 999 proxime.
800 931 804 942 “

277 1025 391 1104 Raper-
408 1025 438 1086 7.
483 1016 581 1082 Globi
602 1029 736 1102 quotuor
756 1017 897 1102 pondere
914 1019 997 1096 8938
1012 1037 1099 1104 gran.
1114 1017 1148 1080 in
1161 1017 1234 1080 aire
1248 1019 1355 1097 strong
1370 1035 1458 1102 gran.
1478 1017 1513 1078 in

235 1126 315 1222 equi
330 1145 414 1208 saepe
427 1123 564 1199 demissi,
587 1123 741 1188 cadebant
759 1135 901 1207 tempore
915 1122 1141 1187 oscillationum
1156 1125 1229 1203 398,
1246 1130 1297 1198 30,
1314 1125 1387 1203 308,
1405 1130 1457 1199 31,
1473 1129 1514 1186 33

240 1248 272 1298 et
293 1243 345 1309 33,
366 1231 578 1298 describentes
602 1231 796 1304 altitudinem
822 1231 939 1316 pedum
962 1231 1139 1318 quindecim
1163 1241 1195 1294 et
1217 1229 1306 1318 digiti
1329 1231 1422 1298 unius
1445 1252 1517 1296 enm

236 1361 373 1406 senusso.

279 1452 342 1516 Per
371 1447 523 1512 theoriam
556 1445 668 1510 cedere
696 1446 874 1510 debuerunt
904 1455 1046 1528 tempore
1076 1442 1303 1509 oscillationem
1332 1452 1373 1508 88
1407 1465 1515 1530 quam·

236 1555 389 1646 proxime.
823 1583 827 1590 ⁴

280 1666 421 1742 causan
428 1659 644 1748 investigando
656 1680 713 1724 cur
726 1660 902 1747 globorum,
915 1661 1056 1746 ejusdem
1070 1661 1218 1746 ponderis
1235 1673 1269 1726 et
1282 1660 1516 1749 magnitudinis,

236 1773 333 1860 aliqui
347 1773 437 1836 citius
451 1771 505 1835 alii
518 1771 637 1834 tardius
658 1769 814 1848 cuderent,
837 1770 871 1834 in
880 1762 967 1834 lianc
981 1769 1093 1846 incidi3
1116 1769 1201 1854 quod
1214 1769 1300 1857 globi
1315 1769 1368 1834 ubi
1382 1769 1518 1854 primum

236 1883 479 1948 demittebantur
492 1893 525 1946 et
532 1875 649 1944 cadere
663 1873 865 1966 ingipiebont,
886 1877 1063 1944 oscillarent
1077 1879 1194 1942 circum
1216 1889 1332 1955 centra,
1355 1878 1453 1942 latere
1466 1877 1518 1941 illo

236 1988 321 2074 quod
334 1987 414 2052 forte
427 1984 553 2073 gravius
566 1997 648 2059 esset
660 1980 797 2070 primum
810 1985 1029 2062 descendente,
1049 1997 1083 2048 et
1096 1981 1216 2048 motum
1230 1984 1453 2048 oscillatorium
1466 2007 1519 2072 ge-

103 2096 105 2099 ’
236 2106 377 2160 nerante.
421 2092 506 2158 Nam
517 2115 576 2177 per
589 2092 796 2157 oscillationes
817 2113 890 2156 sues
904 2092 1016 2178 globus
1037 2093 1185 2176 majorem
1207 2103 1326 2156 motum
1348 2093 1520 2157 communi·

236 2215 287 2266 cst
307 2225 407 2288 squae,
434 2202 577 2289 quamsi
598 2202 665 2277 sine
686 2199 931 2264 oscillationibus
954 2199 1175 2276 descenderet3
1201 2211 1233 2264 et
1251 2201 1519 2280 communicando,

237 2309 350 2372 amittit
369 2319 491 2392 partem
510 2305 613 2372 motis
633 2304 754 2390 proprii
767 2327 831 2391 quo
851 2305 1041 2370 descendere
1055 2306 1199 2371 deberet:
1220 2319 1252 2372 et
1264 2329 1324 2392 pro
1338 2310 1455 2394 majore
1469 2309 1521 2372 vel

238 2413 358 2476 minore
367 2411 569 2488 oscillatione,
584 2410 684 2502 magis
698 2396 749 2474 rel
757 2409 862 2474 minus
876 2410 1060 2474 retardetur.
1095 2404 1275 2486 Quinetiam
1284 2413 1397 2500 globus
1411 2413 1522 2478 recidit

237 2539 388 2604 sempera
396 2519 493 2582 latere
506 2539 564 2582 suo
577 2517 661 2601 qnod
676 2538 735 2600 per
747 2515 972 2580 oscillationem
985 2516 1155 2594 descendit,
1171 2530 1203 2582 et
1216 2517 1393 2584 recedendo
1407 2543 1523 2606 appro-

236 2629 368 2715 pinquat
380 2630 528 2694 lateribus
536 2629 618 2693 vasis
626 2639 658 2692 et
670 2627 705 2691 in
717 2627 816 2695 intera
829 2645 1055 2712 nonnunquam
1065 2627 1257 2714 impingdtur.
1290 2629 1333 2692 Et
1346 2627 1416 2694 haee
1431 2631 1524 2695 oscil-

236 2735 314 2798 lrtio
325 2736 360 2799 in
373 2736 474 2824 globis
494 2733 689 2824 gravioribus
709 2733 819 2798 fortior
840 2746 896 2810 est,
918 2734 951 2797 in
972 2733 1140 2819 majoribus
1160 2757 1272 2823 aquam
1287 2739 1392 2826 magis
1415 2739 1520 2828 agitat.

239 2846 450 2931 Quipropter,
474 2856 513 2909 ut
532 2844 683 2909 oscillatio
706 2844 874 2930 globorum
890 2843 993 2907 minor
1011 2844 1204 2922 redderetur,
1230 2845 1343 2932 globos
1361 2866 1460 2912 novos
1481 2870 1524 2911 ex

58 3040 63 3049 0
156 3025 158 3028 ,
238 2954 309 3019 ceri
333 2965 366 3018 et
381 2954 518 3037 plumbo
539 2952 711 3029 comm-uxi,
739 2950 901 3039 infigendo
925 2952 1090 3035 phunbum
1114 2951 1148 3015 in
1172 2951 1253 3015 latus
1278 2952 1407 3039 aliquod
1435 2952 1524 3041 globi

238 3079 337 3145 prope
350 3058 547 3142 superficiem
561 3059 645 3142 ejus3
658 3070 691 3121 et
703 3056 834 3142 globum
847 3057 891 3120 ita
904 3057 1026 3135 demisi,
1042 3070 1078 3123 ut
1090 3056 1171 3121 lctus
1186 3058 1321 3145 gravius,
1334 3060 1442 3143 quoad
1453 3062 1524 3124 fieri

238 3168 349 3252 potuit,
374 3177 457 3229 esset
480 3164 622 3227 infimum
644 3164 686 3228 ab
703 3163 793 3227 initio
813 3163 990 3227 descensus.
1038 3163 1090 3229 Sic
1109 3162 1319 3229 oscillationes
1337 3164 1429 3229 factae
1451 3178 1524 3231 sunt

239 3274 339 3337 multo
352 3274 487 3337 minores
502 3294 597 3358 quam
610 3272 708 3357 prius,
724 3285 757 3337 et
769 3272 855 3360 globi
869 3273 1061 3357 temporibus
1074 3274 1178 3339 minus
1187 3274 1393 3360 inaeqnslibus
1402 3276 1524 3341 cecide-

240 3396 322 3459 runt,
337 3383 421 3447 utin
435 3382 657 3467 experimentis
672 3382 882 3468 sequentibus.

282 3496 398 3575 Esper.
414 3502 444 3557 8.
477 3492 574 3556 Globi
588 3504 732 3577 quatuor,
747 3493 887 3576 pondere
900 3512 1069 3578 granorum
1080 3500 1140 3558 139
1146 3491 1183 3555 -in
1197 3494 1270 3556 ais‘re
1283 3504 1315 3557 et
1329 3498 1370 3575 δὴ
1385 3496 1419 3557 in
1430 3489 1525 3581 equi,

240 3622 323 3688 saepe
336 3604 473 3682 demissi,
489 3602 668 3667 ceciderunt
679 3602 873 3686 temporibus
889 3602 1114 3667 oscillationem
1124 3622 1193 3665 non
1206 3588 1349 3687 plurium
1358 3627 1453 3690 quam
1469 3614 1524 3686 58,

240 3734 304 3776 non
317 3712 500 3796 pauciorum
518 3732 614 3798 quam
636 3719 689 3787 50,
712 3722 746 3774 et
764 3709 956 3773 maximiex
969 3722 1058 3792 parte
1072 3720 1211 3793 ternpore
1231 3710 1458 3777 oscillationum
1480 3722 1520 3779 51

240 3822 371 3897 circiter,
386 3821 596 3885 describentes
611 3819 805 3885 altitudinem
819 3820 989 3907 digitorum
1007 3828 1077 3885 183.

285 3929 348 3992 Per
361 3926 513 3991 theoriam
529 3911 641 3990 cadere
655 3925 831 3989 debuerunt
846 3937 985 4008 tempore
1000 3925 1229 3991 oscillationem
1245 3936 1286 3993 52
1302 3927 1435 3993 circiter.

282 4036 398 4117 Erper.
413 4040 443 4099 9.
474 4032 572 4097 Globi
593 4044 735 4117 quatuor,
761 4031 902 4115 pondere
923 4052 1092 4117 granorum
1107 4032 1191 4110 273}
1203 4033 1237 4096 in
1251 4036 1322 4097 aere
1337 4048 1369 4097 et
1386 4034 1469 4112 14·οξ
1490 4034 1527 4097 in

240 4139 329 4224 equi,
355 4139 467 4223 soepius
487 4138 623 4215 demissi,
650 4138 830 4202 ceciderunt
851 4137 1040 4221 temporibus
1063 4139 1289 4203 oseiHationum
1310 4164 1374 4205 non
1396 4143 1527 4226 paucio-

240 4267 311 4309 rum
327 4267 420 4330 qucm
438 4253 490 4322 12,
504 4265 569 4309 non
583 4244 722 4329 plurium
736 4266 830 4329 quam
850 4250 899 4320 13,
916 4243 1123 4308 describentes
1138 4246 1332 4310 altitudinem
1354 4247 1527 4335 digitorum

244 4358 316 4415 182.
347 4368 351 4376 '
783 4366 789 4422 2

284 4457 347 4521 Per
367 4458 519 4522 theoriam
541 4459 617 4522 verb
637 4459 671 4521 hi
692 4458 778 4546 globi
800 4437 912 4524 cidere
933 4458 1108 4523 debuerunt
1132 4470 1272 4546 ternpore
1297 4462 1529 4529 oscillationum

244 4563 302 4641 111
318 4563 564 4647 quamproxime.

179 4743 181 4752 Ι
284 4670 399 4751 Ecper.
418 4676 476 4732 lo..
500 4669 606 4757 Globi„
617 4682 758 4756 quatuor,
782 4671 921 4755 pondere
942 4694 1111 4759 granorum
1127 4684 1188 4742 384
1204 4676 1236 4739 in
1251 4678 1322 4741 eiire
1337 4692 1368 4743 et
1385 4686 1468 4763 119}
1492 4682 1527 4745 in
