3275 5650
22 464 25 471 ’
92 482 202 549 nnn
219 481 386 558 meurs]
434 476 676 544 perunum
699 474 1074 550 murnuunrscu
1313 480 1378 547 ur

93 674 183 716 sunm
196 660 352 734 perpetuo
366 657 476 726 servet,
498 648 535 732 (ἢ
551 658 583 711 et
596 646 710 733 glacies
723 645 860 733 quietem
872 663 972 713 suam·
1017 644 1057 713 In
1071 642 1270 731 sequentibus
1283 644 1380 733 igitur

93 760 132 823 sit
154 758 225 824 ST
239 757 391 820 diameter
411 754 569 819 foraminis
592 756 749 820 circularis
771 766 880 819 centro
895 754 922 819 Z
937 754 1084 837 descripti
1103 767 1166 837 per
1187 753 1276 839 quod
1296 765 1380 819 cata-

11 948 14 955 *
92 880 176 930 recta
191 865 290 929 effluit
302 888 345 929 ex
359 886 431 927 vase
445 864 500 928 ubi
515 884 596 949 aqua
610 874 675 928 tota
686 865 723 927 in
737 886 809 927 vase
824 862 921 927 fluida
934 874 990 927 est.
1030 860 1074 927 Et
1087 861 1128 925 sit
1143 860 1172 925 E
1189 839 1381 926 Fdianreter

92 972 252 1036 foraminis
265 994 324 1055 per
337 971 422 1057 quod
437 984 590 1036 cataracta
611 971 751 1036 cadendo
773 969 935 1057 adoequatd
956 970 1075 1046 transit,
1102 970 1167 1034 sive
1188 992 1269 1053 aqua
1290 978 1382 1033 excat

93 1104 130 1145 ex
147 1104 221 1145 vase
235 1102 293 1166 per
307 1081 446 1145 foramen
459 1080 539 1144 illud
553 1082 695 1163 superius
713 1080 736 1144 S
750 1079 792 1155 T,
809 1078 872 1141 sive
888 1077 979 1141 cadat
991 1098 1049 1160 per
1063 1075 1201 1140 medium
1214 1075 1326 1163 glaciei
1346 1075 1381 1142 iu

92 1211 167 1251 uase
187 1200 334 1273 tanquam
356 1208 414 1272 per
434 1184 674 1251 infundibulum.
719 1185 763 1250 Et
787 1184 828 1249 sit
852 1184 1005 1247 diameter
1024 1178 1185 1247 foraminis
1211 1180 1381 1265 superioris

94 1295 168 1359 ST
182 1294 222 1357 ad
236 1295 421 1358 diametrum
446 1292 601 1357 inferioris
617 1294 646 1357 E
663 1294 740 1357 Fut
755 1300 796 1357 ‘25
813 1291 854 1355 ad
869 1300 906 1354 ul
926 1290 1058 1367 circiter,
1085 1300 1117 1354 et
1137 1289 1285 1353 distantia
1308 1309 1381 1372 per·

91 1403 302 1488 pandiculeris
316 1404 397 1467 inter
411 1403 504 1487 plenu
515 1402 703 1466 foraminum
717 1400 846 1487 aequalis
861 1400 902 1463 sit
916 1399 1068 1464 diametro
1081 1396 1241 1462 foraminis
1252 1392 1382 1458 minoris

93 1510 122 1573 E
139 1512 177 1575 F.
224 1510 267 1574 Et
290 1510 434 1574 velocitas
457 1530 547 1596 aquoe
569 1533 587 1573 e
607 1530 680 1573 vase
700 1530 758 1593 per
779 1507 921 1571 foramen
948 1505 1019 1573 ST
1040 1505 1183 1569 exeuntis
1208 1526 1246 1565 ea
1269 1502 1328 1565 erit
1347 1501 1382 1564 in

90 1618 163 1702 ipso
183 1616 335 1683 foramine
354 1615 500 1681 deorsum
523 1636 617 1700 quam
643 1636 755 1701 corpus
777 1613 919 1679 cadendo
938 1636 958 1677 a
974 1612 1104 1678 dimidio
1129 1610 1299 1675 altitudinis
1322 1610 1338 1673 I
1355 1608 1382 1673 Z

93 1726 255 1811 acquirere
277 1736 397 1809 potest:
427 1722 573 1789 velocitas
598 1735 702 1789 autem
728 1735 891 1789 cataracta
915 1722 1078 1808 utriusque
1101 1720 1239 1785 cadentis
1264 1740 1302 1783 ea
1323 1718 1383 1781 erit

93 1833 125 1895 in
146 1832 301 1895 foramine
323 1831 406 1908 EF,
433 1852 526 1917 quam
550 1852 664 1917 corpus
686 1830 828 1896 emendo
849 1830 890 1895 ab
915 1828 1077 1895 altitudine
1098 1828 1164 1891 toti
1190 1826 1256 1891 IG
1279 1826 1315 1910 (⁸)
1331 1846 1382 1889 ac-

93 1940 204 2026 quiret.

136 2050 208 2111 Cas.
225 2054 255 2109 2.
299 2046 337 2135 *Si
361 2044 501 2109 foramen
524 2044 597 2111 EF
618 2066 683 2109 non
705 2044 744 2110 sit
764 2045 799 2109 in
818 2044 926 2110 medio
948 2044 1038 2109 fundi
1056 2043 1148 2120 vasis,
1174 2041 1232 2106 sed
1249 2040 1384 2103 fundum

93 2156 167 2221 alibi
191 2154 389 2239 perforetur:
417 2178 497 2242 aqua
519 2155 624 2221 effluet
645 2155 754 2221 eidem
776 2174 849 2220 cum
871 2154 1035 2221 velocitate
1057 2178 1095 2221 ac
1114 2152 1212 2239 prius,
1239 2152 1266 2217 si
1286 2147 1383 2215 modi)
1483 2140 1488 2157 '

93 2266 204 2329 eadem
230 2265 270 2327 sit
294 2264 454 2329 foraminis
483 2258 675 2352 magnitudo.
721 2265 805 2329 Nam
828 2286 925 2353 grave
950 2264 1061 2350 majori
1085 2262 1213 2349 quidem
1241 2272 1402 2343 tempore

94 2370 258 2437 descendit
280 2372 321 2435 ad
344 2372 476 2436 eandem
498 2372 741 2457 profunditatem
765 2372 799 2458 (i)
814 2396 873 2457 per
897 2374 1012 2439 lineam
1030 2353 1199 2458 obliquam*
1211 2368 1305 2457 quim
1325 2390 1384 2452 per

91 2480 209 2543 lineam
224 2480 522 2564 perpendicularem,
546 2480 601 2544 sed
615 2479 835 2545 descendendo
849 2480 981 2544 eandem
994 2479 1190 2545 velocitatem
1204 2475 1335 2565 acquirit
1349 2476 1385 2542 in

93 2602 228 2673 utroque
242 2609 325 2663 casu,
343 2586 383 2671 (¹¹)
399 2598 434 2651 ut
449 2587 599 2651 Galiloeus
614 2586 847 2653 demonstravit.

136 2697 209 2760 Cas.
234 2703 263 2759 3.
307 2692 429 2757 Eadem
454 2705 501 2757 est
525 2716 615 2780 aquoe
637 2694 783 2758 velocitas
814 2691 965 2757 effluentis
987 2712 1046 2777 per
1067 2691 1209 2755 foramen
1230 2691 1265 2754 in
1286 2690 1383 2755 latere

94 2804 182 2869 vasis.
230 2802 312 2868 Nam
336 2802 363 2866 si
383 2802 524 2867 foramen
544 2824 675 2887 parvum
697 2802 745 2882 sit,
770 2801 811 2887 (¹)
826 2813 863 2866 ut
882 2800 1080 2865 intervallum
1102 2800 1183 2864 inter
1202 2796 1383 2882 superficies

125 2999 160 3064 (¹)
173 3001 188 3028 ⁴
202 2999 238 3048 Et
251 2999 338 3059 glucies
356 3000 456 3060 quictem
471 3013 547 3046 mm.
582 2997 657 3044 Sumo
670 3009 725 3043 vass

95 3062 142 3109 duo
153 3061 255 3122 aqualia
267 3063 291 3108 A
304 3062 326 3108 Β
340 3061 364 3110 D
378 3062 406 3118 C,
418 3077 432 3110 s
442 3064 458 3108 b
468 3061 512 3115 dc,
524 3061 549 3109 lu
561 3075 661 3122 quorum
676 3060 724 3121 pri·

95 3141 135 3172 mo
151 3125 241 3188 glacies
258 3126 335 3172 omnis
351 3125 376 3172 ln
392 3139 477 3186 aquam
495 3125 596 3172 resoluta
606 3124 643 3182 sit,
659 3133 683 3172 et
697 3124 725 3172 in

95 3190 169 3236 altero
179 3189 266 3250 glacies
281 3189 383 3250 quietem
399 3203 466 3234 susm
481 3197 606 3244 conservet,
621 3197 649 3234 ut
664 3201 725 3248 aquo

96 3263 236 3300 cataractam
246 3255 311 3301 abm
318 3252 332 3302 f
337 3268 350 3298 e
359 3267 377 3299 n
396 3251 518 3299 formando
528 3252 608 3298 effluat
615 3266 656 3311 per
661 3251 724 3298 fors-

95 3332 150 3365 men
162 3332 176 3362 e
186 3315 304 3364 fseetioni
313 3331 378 3364 venas
387 3324 510 3362 contractas
520 3330 534 3362 e
544 3315 658 3362 foramine
670 3315 693 3362 E
703 3313 725 3362 F

97 3379 215 3428 exilientis
231 3379 333 3442 aquale3
353 3389 377 3426 et
393 3379 445 3426 loco
462 3378 521 3426 vasis
541 3380 565 3426 A
579 3380 600 3426 B
613 3379 639 3425 D
653 3379 681 3435 C,
698 3377 725 3426 in

99 3444 256 3492 Problematis
261 3443 376 3490 solutione
382 3442 489 3492 substitui
495 3441 725 3502 poteritvasalterum

97 3508 197 3565 abde,
217 3509 244 3554 in
261 3522 309 3569 quo
324 3522 391 3568 squse
406 3521 447 3568 per
462 3508 543 3554 lumen
558 3507 596 3554 af
608 3505 724 3556 effluenti·

97 3571 180 3618 eudem
191 3581 226 3618 est
236 3569 344 3618 velocius
354 3586 425 3632 quam
435 3585 496 3633 aqua
506 3585 520 3618 a
530 3586 582 3618 rese
594 3569 618 3617 A
631 3571 653 3616 Β
667 3569 692 3616 D
702 3569 723 3618 0

98 3637 196 3682 exiliens
204 3635 306 3682 habetis
314 3633 486 3682 sectionevenae
493 3643 624 3690 contracta,
632 3632 725 3680 eadem

97 3714 143 3760 que
154 3699 254 3760 proinde
264 3714 330 3760 aqnae
340 3698 457 3760 quantitas
467 3698 492 3743 in
502 3697 623 3746 defluxum
633 3693 725 3756 imperi·

5 3804 6 3807 ,
97 3763 169 3819 ditur,
187 3772 211 3809 et
221 3761 341 3822 properas
355 3761 418 3808 idem
428 3777 494 3822 aquas
504 3761 596 3820 pondus
603 3761 678 3808 fundo
688 3760 725 3806 in·

98 3826 189 3874 cumbit
199 3828 224 3872 in
235 3835 335 3888 utroque
351 3840 410 3872 vase.
448 3824 566 3880 Quoniam
582 3825 645 3871 enirn
663 3833 727 3872 cata·

89 3899 169 3937 'ractae
180 3905 195 3936 a
204 3889 292 3938 bmfe
304 3903 323 3934 n
344 3888 419 3951 ligura
429 3897 453 3936 et
463 3889 500 3934 len
511 3887 639 3935 secundum
655 3901 727 3949 quam

98 3968 159 4016 sque
170 3953 285 4002 conracti
295 3951 336 4000 int
347 3962 453 4000 movetur
468 3960 530 3998 nota
546 3961 607 4007 suut,
629 3951 726 3998 Proble-

98 4019 169 4066 maus
187 4018 272 4064 solutio
288 4026 312 4064 et
327 4017 417 4064 facilior
432 4025 455 4062 et
473 4015 547 4078 magis
564 4014 726 4064 mathematice

100 4081 148 4138 fiet,
168 4081 188 4127 si
204 4081 257 4128 loco
272 4079 332 4128 vasis
344 4081 367 4128 A
381 4081 403 4128 B
416 4081 441 4127 D
455 4079 474 4130 C
486 4087 565 4126 ments
575 4079 727 4128 substituatur

99 4159 166 4272 ras&
174 4148 193 4240 1:
201 4146 328 4273 iliquimt.
363 4205 425 4254 Hac
435 4221 465 4254 ex
480 4203 551 4268 supri
566 4203 727 4253 demonstratis

98 4281 195 4400 μῖῖι*
208 4338 353 4390 Perductum
364 4337 488 4396 obliquam.
524 4334 555 4382 In
565 4334 610 4380 hoc
625 4331 728 4380 semmdo

100 4415 157 4446 casu
174 4416 228 4476 pars
243 4415 310 4463 aquae
326 4414 367 4460 per
382 4398 456 4446 lineus
466 4397 495 4445 ad
507 4397 612 4445 foramen
621 4396 728 4460 obliqua
822 4394 824 4399 '

101 4463 232 4637 ‘Il-‘iiiiii
242 4531 353 4580 uarum
360 4529 524 4577 umanum
533 4527 584 4590 (ar.
593 4533 616 4572 a
625 4528 661 4573 as.
671 4523 731 4573 una

117 4591 171 4718 ull)
185 4658 241 4704 275.
267 4659 281 4687 ⁸
303 4659 335 4718 Ut
351 4657 502 4705 intervallum
520 4657 582 4702 iuter
598 4655 729 4718 superficies

101 4719 127 4764 Α
141 4721 271 4769 BetKL.
306 4719 471 4768 IHestndI
486 4718 509 4766 G
525 4717 551 4764 in
566 4716 654 4766 ratione
671 4731 729 4780 qua

102 4781 237 4845 druplicatt
254 4783 362 4832 diametri
382 4783 405 4832 Ε
423 4781 444 4830 F
461 4781 492 4828 sd
510 4781 650 4830 dumorum
667 4781 691 4828 A
704 4781 727 4828 Β
