3275 5650
236 461 298 521 aca
550 440 886 525 nnrnosorrnm
908 448 1183 521 urrunmrc
1231 452 1506 534 [maecum.

236 634 431 706 superantem
455 636 486 689 et
498 625 550 689 bis
568 626 658 689 rectis
672 626 754 688 circa
774 640 866 689 axem
886 622 1032 688 revolutis
1054 622 1183 705 concipe
1202 621 1294 685 orbor
1313 620 1347 683 ira
1371 620 1505 685 mmulca

234 729 413 791 innumeros
435 729 551 805 secane
573 742 605 792 ct
625 730 757 793 annulus
777 728 989 814 unnsquisque
1008 727 1136 791 habebit
1148 725 1279 789 annulos
1293 738 1424 811 quatum
1446 723 1510 789 sibi
1614 720 1619 727 ’

236 832 407 919 contignos,
430 854 528 899 unum
549 834 737 913 interiorem,
761 836 893 899 alteram
905 834 1136 901 exterioremet
1148 831 1228 895 daos
1248 832 1404 895 meaios.
1445 834 1506 895 Ab

232 941 309 1003 tritu
323 938 477 1006 interioris
491 955 524 1007 et
537 944 696 1008 exterioris
710 964 775 1007 rron
788 954 890 1027 potest
902 941 1035 1006 annulus
1047 940 1268 1025 unusquisqne,
1289 939 1351 1003 nisi
1363 940 1398 1001 in
1417 950 1505 1001 motu

229 1046 322 1129 juxta
344 1046 445 1131 legem
470 1063 559 1112 ceam
582 1049 676 1132 primi
696 1048 786 1127 lactc,
813 1048 973 1134 aequaliter
985 1058 1019 1112 et
1031 1047 1065 1110 in
1077 1059 1180 1131 parter
1201 1046 1371 1110 conmarirs
1390 1045 1504 1131 urgeri.

220 1150 328 1215 Patet
338 1150 400 1215 boc
414 1172 454 1215 ex
469 1153 729 1219 demonstratione
743 1177 831 1219 caseus
844 1154 950 1238 primiv
982 1152 1026 1218 Et
1037 1164 1203 1237 propterea
1215 1150 1401 1215 annulorum
1411 1152 1505 1213 series

234 1255 380 1339 quaelibet
393 1278 413 1321 a
424 1256 519 1343 globo
533 1260 567 1321 in
580 1260 734 1323 inlinitum
746 1258 830 1324 rectrl
842 1280 985 1346 pergens,
999 1258 1173 1323 movebitur
1185 1276 1246 1341 pro
1258 1256 1328 1343 lege
1338 1276 1427 1319 casus
1439 1257 1506 1339 pri-

233 1360 287 1437 mi,
302 1362 361 1425 nisi
370 1362 520 1445 quitenus
528 1364 694 1447 impeditur
704 1365 744 1431 ab
754 1365 859 1429 attritu
870 1364 1055 1429 anmalorum
1065 1362 1107 1427 ad
1114 1363 1222 1427 latera.
1250 1363 1296 1439 At
1305 1362 1433 1425 iu-mctu
1443 1361 1506 1427 hic

204 1518 211 1531 .
233 1465 305 1552 lege
318 1465 400 1529 lactu
413 1468 535 1531 attritus
548 1469 732 1533 annulmum
747 1470 788 1533 ad
801 1470 899 1533 latera
911 1469 1015 1533 nullus
1028 1480 1093 1545 ecta
1105 1489 1208 1553 neque
1216 1467 1289 1533 ideb
1297 1480 1425 1546 nomn,
1440 1490 1505 1553 quo

233 1574 338 1638 minus
351 1573 410 1637 heic
423 1575 492 1662 lege
500 1576 564 1653 liat,
579 1577 735 1663 impediet.
779 1579 814 1643 Si
824 1579 931 1643 annuli
946 1579 983 1662 (τ)
994 1579 1048 1664 qui
1058 1600 1078 1643 a
1087 1589 1195 1641 centro
1204 1578 1364 1663 equaliter
1377 1577 1503 1648 distant,

234 1679 285 1743 rel
299 1678 387 1743 citius
404 1681 634 1747 revolverentur
647 1684 697 1749 vel
710 1684 830 1749 tardius
843 1685 877 1768 (t)
887 1686 980 1767 juxta
997 1683 1087 1767 polca
1101 1682 1194 1768 quim
1207 1685 1300 1767 juxta
1313 1683 1484 1765 eclipticam
1492 1705 1509 1756 ς,

233 1784 383 1849 tardiores
393 1787 643 1867 accelerarentur,
661 1801 692 1855 ct
700 1789 867 1855 velociores
880 1789 1109 1853 retardarentur
1119 1789 1275 1853 abattritu
1284 1789 1402 1864 mutuo,
1417 1788 1509 1851 etsie

232 1906 396 1980 vergerent
409 1917 532 1980 semper
545 1909 682 1981 tempora
696 1898 854 1982 periodica
867 1896 908 1961 ad
919 1897 1133 1982 equalitatem,
1147 1919 1206 1980 pro
1219 1896 1288 1981 lege
1303 1895 1391 1959 casius
1398 1894 1502 1978 primi.

235 1997 312 2061 Non
334 1998 463 2083 impedit
487 2000 581 2087 igitur
601 2001 653 2065 hic
674 2002 794 2067 attritus
808 2024 875 2088 quo
887 2002 989 2065 minus
1008 2014 1110 2064 motus
1130 2000 1186 2064 fiat
1207 2000 1378 2065 secundum
1400 2000 1502 2086 legem

232 2124 320 2167 casus
333 2105 435 2187 primi,
451 2116 482 2169 et
495 2107 721 2191 propterealex
729 2108 783 2171 illu
791 2106 960 2171 obtinebit:
974 2106 1102 2182 hocest,
1118 2104 1304 2168 anntrlomm
1312 2104 1500 2190 singulorum

231 2222 373 2295 tempora
384 2214 541 2296 periodica
555 2226 646 2279 erunt
660 2226 695 2279 ut
708 2214 859 2299 quadrata
872 2212 1088 2277 &martimum
1098 2213 1237 2296 ipsorum
1251 2234 1271 2274 a
1284 2225 1391 2275 centro
1404 2212 1503 2298 globi.

234 2318 330 2393 Quod
343 2321 426 2383 volui
441 2319 577 2383 secundb
592 2320 814 2385 demonstrare.

280 2428 349 2489 Cas.
365 2436 395 2491 3.
417 2426 584 2491 Dividetur
600 2428 666 2513 jam
680 2428 812 2493 annulus
833 2427 1045 2513 unusquisque
1064 2427 1249 2493 sectionibus
1269 2427 1448 2491 mansuersis
1468 2426 1502 2489 in

231 2529 395 2611 particulas
424 2530 599 2595 innumeras
621 2534 842 2628 constituentes
871 2534 1071 2597 substantiam
1099 2531 1237 2598 absolute
1259 2544 1290 2596 et
1310 2532 1518 2596 uniformiter*

117 2711 125 2721 κ
231 2636 378 2713 fluidam3
393 2650 423 2701 et
434 2640 581 2723 quoniam
594 2640 644 2703 hae
658 2642 807 2705 sectiones
821 2662 886 2704 nou
899 2651 1037 2724 spectant
1051 2640 1090 2703 ad
1104 2639 1204 2725 legem
1217 2640 1318 2703 motbs
1333 2639 1499 2715 circularis,

235 2740 289 2805 sed
311 2743 351 2805 ad
373 2744 620 2811 constitutionem
639 2746 727 2811 fluidi
746 2746 940 2811 solummodo
959 2745 1145 2823 conducunt,
1169 2746 1376 2834 pcrmyerabit
1400 2757 1503 2808 motus

237 2849 393 2912 circularis
407 2861 442 2914 ut
455 2852 551 2935 prius.
597 2853 660 2917 His
675 2855 860 2940 sectionibus
875 2851 981 2916 annuli
995 2874 1101 2916 omnes
1116 2874 1208 2937 quarn
1222 2853 1339 2914 minimi
1354 2853 1500 2934 asperita-

235 2967 295 3017 tem
312 2965 342 3017 et
355 2955 417 3018 vim
431 2956 553 3020 attritus
568 2958 669 3022 mutui
682 2970 736 3022 aut
749 2980 814 3022 non
829 2957 1009 3043 mutabunt,
1025 2957 1059 3040 (i)
1075 2969 1128 3019 aut
1148 2957 1311 3020 mutabunt
1331 2957 1499 3040 aequaliter.
1544 3023 1552 3037 ,

233 3058 276 3122 Et
290 3073 432 3124 manente
446 3083 607 3128 cumarum
621 3066 822 3149 proportione
842 3063 978 3126 mauebit
999 3060 1162 3124 effectuum
1175 3061 1344 3144 proportio,
1367 3061 1427 3122 hoc
1441 3073 1498 3136 est,

231 3167 391 3249 proportio
404 3181 544 3232 motuum
558 3181 590 3233 et
603 3171 831 3254 periodicorum
845 3183 1028 3252 temporum.
1073 3168 1115 3243 Q.
1131 3191 1157 3231 e.
1173 3168 1204 3230 d.
1250 3169 1404 3231 Caeterum
1426 3167 1498 3231 crim

232 3285 334 3338 motus
356 3275 521 3356 circularis,
546 3292 578 3343 et
597 3278 669 3342 inde
691 3291 759 3344 orta
779 3279 825 3342 vis
847 3275 1026 3364 centrifuga,
1053 3278 1092 3360 (³¹)
1108 3278 1205 3360 major
1219 3277 1259 3339 sit
1272 3275 1312 3338 ad
1326 3276 1498 3359 eclipticam
1526 3357 1530 3362 ⁵

266 3446 299 3509 (Υ)
317 3450 330 3479 0
346 3447 391 3500 Qui
400 3465 415 3494 a
425 3459 502 3498 cm
512 3453 631 3513 aqualiter
646 3453 737 3510 afflant,
753 3464 795 3500 stu
809 3454 851 3514 qni
913 3449 949 3514 (ῃ)
961 3453 975 3482 ·
987 3446 1067 3511 Major
1076 3452 1104 3497 'dd
1114 3453 1146 3497 dd
1160 3452 1283 3510 edibilem
1299 3448 1370 3522 quidm
1383 3453 1416 3496 ad
1426 3453 1497 3512 polo&

233 3518 326 3556 ructet
337 3509 419 3556 eodem
430 3515 485 3560 orbe
501 3515 589 3569 resecti,
605 3515 690 3576 quales
700 3525 755 3562 aunt
770 3515 852 3562 annuli
885 3514 1003 3570 Quonim
1018 3513 1182 3574 particulimm
1198 3513 1221 3559 Ε
1237 3521 1262 3558 ⁰2
1275 3527 1290 3558 θ
1303 3527 1330 3558 ¹¹²
1345 3513 1428 3560 &dem
1443 3517 1499 3562 0¹st

234 3571 504 3634 exiigurarnmlkba,
521 3577 619 3633 abed,
636 3577 735 3640 dcglr,
752 3587 849 3626 etrevc·

234 3635 322 3682 luticne
332 3635 445 3696 descripti.

267 3698 298 3762 (⁸)
312 3703 324 3728 *⁵
337 3701 409 3748 Juarc
416 3703 477 3762 polos
494 3701 519 3748 X
530 3711 554 3750 et
565 3703 593 3757 P,
610 3717 679 3764 quam
693 3703 760 3766 juxta
773 3719 850 3765 aequa·

235 3769 315 3818 torem,
328 3777 398 3824 quem
407 3773 468 3810 recta
480 3765 496 3811 S
508 3765 530 3811 E
541 3766 570 3813 ad
581 3781 648 3813 arem
661 3767 682 3814 F
694 3767 719 3814 X
729 3767 850 3828 perpendi-

235 3825 318 3874 cularis
328 3836 400 3872 rorata
410 3825 521 3875 describit.

268 3888 300 3951 (¹)
321 3892 334 3918 ⁴*
354 3891 404 3937 Aut
422 3894 543 3940 mutabunt
564 3895 687 3955 oeqtraiirer.
732 3895 850 3950 Quoniam

237 3951 342 3998 enimbae
349 3952 459 3999 sectiones
467 3969 513 4001 non
521 3956 564 4001 nisi
572 3958 601 4005 ad
607 3956 742 4004 timiditatem
753 3959 851 4020 singulis

236 4014 327 4061 annulis
338 4015 502 4064 conciliandam
512 4018 578 4065 sactae
588 4029 648 4077 suut,
666 4032 688 4068 et
698 4021 795 4066 fluidum
806 4022 849 4067 ho·

236 4091 376 4138 mogeneum
386 4079 537 4148 supponitur;
548 4081 629 4129 riinde
639 4093 741 4130 mutetur
751 4084 849 4131 annulo-

237 4149 289 4185 rum
306 4141 413 4200 aspen'us
428 4151 451 4188 er
465 4142 500 4188 vis
516 4145 606 4191 acuitas
623 4147 706 4202 marui,
722 4149 851 4194 muubuur

237 4203 356 4262 reqrmliter
369 4221 409 4252 reu
420 4206 445 4252 in
456 4206 509 4253 data
519 4209 612 4255 ratione.
648 4209 681 4256 Et
697 4209 781 4256 idcirco
798 4225 849 4258 ma-

237 4275 307 4311 nente
323 4267 499 4316 marmanum
515 4279 539 4318 et
556 4272 737 4331 impressionum,
753 4289 805 4336 quae
820 4289 849 4321 er

237 4337 320 4374 mutuo
340 4331 439 4388 panium
460 4334 539 4383 unita
559 4336 671 4392 criuntur,
696 4340 848 4398 proportione,

237 4392 340 4438 mmebic
351 4394 475 4442 &mnam
485 4395 539 4444 inde
549 4398 711 4458 productorum
727 4404 849 4462 proportio,

237 4455 282 4500 hoc
292 4463 330 4507 est
342 4459 457 4516 proportio
466 4471 572 4507 motuum
583 4471 606 4508 et
615 4463 780 4522 periodicorum
791 4473 850 4512 tem·

238 4531 334 4578 paruum
353 4527 377 4565 et
392 4533 509 4586 propterea
523 4524 622 4584 partium
633 4526 775 4588 singularum
791 4537 850 4575 tem

237 4595 293 4640 pora
302 4582 416 4641 periodica
426 4596 500 4643 crunt,
517 4597 544 4634 ut
554 4591 578 4634 in
589 4590 742 4648 superioribus
752 4593 848 4648 casibus,

238 4646 414 4704 proportionalia
423 4649 536 4710 quadratis
547 4651 705 4701 distantiarum
720 4655 820 4716 ipsarum
835 4670 850 4702 a
880 4659 1055 4708 courtitutrnrm
1066 4669 1169 4723 tempora
1179 4665 1293 4724 periodica
1298 4677 1424 4728 aequentur,
1435 4667 1496 4727 ipsa·

239 4718 317 4754 centro
327 4710 396 4772 globi.
882 4735 936 4768 rum
952 4723 1011 4771 vires
1025 4726 1161 4790 centrisuga
1177 4738 1232 4776 aunt
1241 4730 1301 4777 inter
1310 4745 1334 4778 se
1344 4741 1370 4777 ur
1379 4729 1436 4778 radii
1452 4731 1498 4778 cir-
