3275 5650
263 472 324 531 288
444 556 450 566 t
570 464 909 531 PHILOSOPHIAE
931 464 1203 551 NATURALIS
1267 463 1544 543 [Mor-Consors.

259 633 331 697 dem
346 652 410 696 non
432 644 479 697 est
499 633 567 696 haec
580 633 752 717 proportio.
797 632 1019 698 Verumtamen
1041 632 1101 695 nisi
1126 632 1352 696 contractiones
1377 645 1409 697 et
1430 618 1544 699 dilata-

258 740 357 802 tIones
379 738 441 800 sint
461 738 550 800 valde
571 738 711 814 intensae,
736 758 801 800 non
822 738 938 801 errabit
959 735 1154 813 sensibiliter,
1177 737 1311 822 ideoque
1331 759 1391 821 pro
1410 738 1543 824 physice

257 846 399 911 accurati
414 846 523 909 haberi
536 858 646 929 potest.
691 847 730 930 (Ρ)
749 848 830 911 Sunt
851 857 955 909 autem
978 846 1058 909 vires
1081 846 1215 910 elasticae
1237 845 1382 909 motrices
1403 859 1440 910 ut
1460 871 1540 912 con·

256 957 421 1019 tractiones
435 965 466 1017 et
481 954 692 1031 dilatationem
715 968 746 1019 et
770 956 946 1019 velocitates
966 956 1101 1041 partium
1122 955 1289 1041 aequalium
1310 956 1402 1019 simul
1424 959 1542 1044 genitae

257 1076 329 1129 sunt
344 1075 378 1127 ut
392 1064 481 1127 vires.
526 1065 665 1151 Ideoque
687 1066 822 1151 aequales
836 1078 869 1130 et
883 1067 1164 1151 correspondentes
1185 1068 1333 1151 pulsuum
1357 1090 1541 1153 correspon-

255 1172 395 1235 dentium
416 1184 519 1255 partes
535 1172 596 1236 itus
612 1185 643 1236 et
656 1172 774 1236 reditus
797 1195 869 1236 suos
891 1194 948 1257 per
969 1173 1068 1257 spatia
1089 1174 1352 1238 contractionibus
1373 1188 1406 1238 et
1427 1172 1539 1239 dilata·

256 1282 391 1346 tionibus
405 1282 657 1366 proportionalia,
674 1304 745 1345 cum
760 1282 973 1347 velocitatibus
988 1304 1058 1367 qnae
1074 1294 1147 1347 sunt
1160 1296 1195 1347 ut
1210 1283 1319 1367 spatia,
1341 1284 1432 1347 simul
1446 1306 1540 1367 pera-

254 1402 348 1476 gent:
371 1401 403 1453 et
416 1402 582 1474 propterea
595 1390 714 1474 pulsus,
738 1390 791 1475 qni
813 1402 953 1473 tempore
967 1386 1028 1452 itus
1043 1403 1074 1453 et
1088 1387 1206 1453 reditus
1228 1390 1320 1452 unius
1342 1388 1539 1454 latitudinem

214 1568 217 1575 Ι
255 1520 345 1563 suam
358 1500 590 1587 progrediendo
605 1499 789 1575 conficiunt,
801 1509 833 1563 et
846 1498 880 1561 in
893 1498 964 1561 loca
976 1497 1123 1581 pulsuum
1136 1496 1280 1582 proxime
1293 1498 1540 1581 praecedentium

255 1632 378 1694 semper
392 1609 570 1687 succedunt,
587 1610 629 1673 ob
644 1608 852 1695 aequalitatem
866 1606 1091 1684 distantiarum,
1114 1606 1227 1693 aequali
1241 1627 1314 1670 cum
1326 1607 1490 1671 velocitate
1503 1609 1538 1672 in

252 1718 356 1780 medio
371 1729 503 1802 utroque
516 1716 766 1803 progredientur.

298 1828 366 1890 Cos.
382 1834 412 1889 t.
444 1826 500 1890 Sin
521 1826 666 1909 pulsuum
691 1826 849 1889 distantiae·
867 1849 924 1891 seu
944 1824 1155 1915 longitudines
1179 1826 1242 1889 sint
1264 1829 1397 1912 majores
1417 1829 1451 1891 in
1472 1850 1537 1893 uno

251 1932 356 1996 medio
382 1931 475 2019 quim
495 1932 529 1995 in
550 1934 665 2011 alter03
689 1935 728 2018 (q)
743 1956 896 2018 ponamus
918 1935 1004 2021 quod
1024 1950 1129 2019 partes
1143 1938 1420 2021 correspondentes
1434 1935 1536 2019 spatia

252 2038 467 2104 latitudinibus
488 2039 635 2124 pulsuum
657 2042 902 2125 proportionalia
928 2042 1056 2128 singulis
1077 2042 1196 2105 vicibus
1211 2043 1316 2106 eundo
1330 2056 1361 2106 et
1374 2042 1537 2105 redeundo

251 2146 445 2212 describant:
477 2164 508 2213 et
533 2150 568 2235 (¹)
595 2150 730 2235 aequales
761 2162 852 2213 erunt
882 2172 989 2213 earum
1018 2150 1244 2224 contractiones
1273 2163 1305 2214 et
1333 2151 1537 2214 dilatationes.

253 2254 392 2340 Ideoque
408 2256 433 2318 si
449 2256 551 2318 media
566 2257 627 2318 sint
640 2254 844 2341 homogenea
869 2256 1003 2340 aequales
1019 2267 1110 2318 erunt
1125 2256 1216 2319 etiam
1231 2255 1312 2320 vires
1327 2256 1389 2319 illae
1404 2257 1538 2320 elasticae

251 2361 397 2423 motrices
423 2361 535 2445 quibus
561 2361 721 2443 reciproco
744 2366 831 2424 motu
854 2361 1020 2447 agitantur.
1067 2361 1202 2425 Materia
1224 2375 1328 2425 autem
1349 2363 1399 2425 his
1420 2363 1538 2426 viribus

253 2468 411 2531 movenda
426 2478 474 2530 est
487 2479 523 2530 ut
536 2466 684 2550 pulsuum
705 2466 838 2530 latitudo
845 2490 855 2541 3
879 2478 911 2529 et
932 2467 965 2529 in
986 2465 1096 2529 eidem
1117 2469 1237 2531 ratione
1259 2482 1305 2531 est
1327 2470 1460 2552 spatium
1481 2491 1540 2552 per

252 2573 338 2658 quod
353 2572 613 2659 singulis-vicibus
629 2572 732 2635 eundo
746 2585 778 2636 et
792 2572 954 2635 redeundo
968 2574 1087 2635 moveri
1102 2573 1225 2637 debent.
1271 2577 1307 2659 (⁸)
1325 2576 1445 2661 Estque
1459 2589 1539 2639 tem·

252 2701 311 2763 pus
333 2678 394 2742 itus
415 2692 447 2742 et
468 2676 586 2741 reditirs
608 2680 699 2741 unius
725 2676 758 2740 in
783 2679 903 2741 ratione
924 2677 1095 2763 compositi
1117 2703 1157 2742 ex
1178 2680 1297 2744 ratione
1321 2681 1545 2767 sr'tbduplicatai¹

252 2789 390 2854 materiae
412 2802 444 2854 et
464 2788 584 2853 ratione
607 2788 822 2873 subduplicatri
845 2788 946 2873 spatii,
974 2801 1067 2876 atque
1085 2788 1157 2853 ideo
1177 2802 1212 2854 ut
1233 2790 1375 2875 spatium.
1422 2792 1537 2858 Pulsus

252 3006 311 3054 e‘e'ris
321 3005 422 3054 densitas
433 3006 455 3052 vi
466 3006 538 3066 ipsius
546 3005 645 3053 elasticae
651 3004 828 3066 proportionalis
834 3019 882 3050 non
913 3018 989 3066 geneo
999 3012 1023 3050 et
1033 3002 1087 3050 data
1097 3003 1208 3063 pulsuum
1224 3003 1346 3052 latitudine
1361 3005 1463 3065 spatium
1473 3007 1537 3068 quod

253 3080 340 3124 manet,
361 3071 380 3116 si
399 3070 472 3116 nimii
490 3071 513 3116 vi
532 3071 698 3128 comprimatur
717 3069 753 3114 vel
771 3068 883 3114 dilatetur
913 3076 989 3126 partes
1009 3066 1080 3113 medii
1107 3067 1234 3114 oscillando
1259 3068 1398 3125 describunt,
1425 3081 1536 3118 manente

254 3135 301 3182 a'e'r.
320 3138 332 3164 ⁸
349 3133 454 3196 Singulas
464 3132 631 3180 diminutiones
642 3132 816 3178 intervallorum
824 3140 882 3178 sunt
913 3140 1016 3190 tempore
1031 3130 1186 3185 oscillationis,
1204 3132 1280 3179 minui
1296 3141 1369 3191 potest
1384 3133 1409 3179 in
1428 3132 1484 3180 data
1498 3149 1537 3180 rs·

253 3207 282 3243 ut
292 3197 422 3244 velocitates
433 3200 468 3261 (n.
485 3199 535 3258 19.)
547 3211 594 3240 non
606 3204 683 3242 tamen
695 3211 723 3242 ex
735 3209 763 3240 eo
775 3196 879 3256 sequitur
910 3194 986 3249 tione;
999 3194 1057 3239 nihil
1066 3196 1141 3240 obstat
1149 3193 1275 3256 quominus
1282 3195 1306 3240 in
1315 3197 1359 3242 boc
1369 3196 1472 3242 secundo
1480 3211 1536 3244 casu

254 3260 421 3326 contraqtiones
436 3276 485 3306 esse
495 3269 523 3306 ut
533 3259 671 3315 velocitates,
691 3256 830 3322 (lrnncverd
841 3273 878 3304 ca.
911 3267 1055 3317 supponatur
1073 3257 1136 3318 quod
1155 3267 1231 3317 partes
1249 3258 1380 3304 mediorum
1401 3274 1535 3319 sememon-

254 3337 308 3368 sum
321 3331 344 3368 et
355 3323 697 3384 reliquosdemonstravimusn.
707 3327 746 3371 29.
754 3320 880 3368 additionis
911 3320 992 3366 dentes
1004 3321 1078 3381 spatia
1086 3320 1248 3368 latitudinibus
1256 3322 1367 3382 pulsuum
1376 3324 1535 3382 proportiona-

255 3383 284 3432 de
296 3387 356 3432 Mot.
374 3386 450 3432 Flnid.
466 3385 554 3448 Elast)
912 3384 951 3438 lia,
974 3383 1056 3430 iisdem
1073 3385 1222 3431 manentibus
1243 3385 1410 3432 oscillationnm
1431 3386 1455 3430 in
1471 3401 1535 3432 uno-

287 3449 322 3512 (1')
336 3452 349 3478 *
362 3453 422 3496 Sum
432 3459 510 3497 autem
516 3453 679 3498 uireselostioca
686 3451 796 3498 matrices.
816 3449 881 3495 Nam
912 3463 1005 3509 quoque
1022 3449 1101 3495 medio
1116 3447 1265 3510 temporibus.
1284 3449 1362 3495 eundo
1376 3461 1399 3496 et
1413 3448 1535 3498 redeundo

254 3511 313 3560 vires
323 3511 422 3558 elasticre
437 3513 543 3559 motrices
553 3522 608 3558 sunt
618 3523 645 3559 ut
656 3514 756 3572 partium
767 3512 876 3573 analoga·
911 3519 1051 3569 percurrant.

254 3574 448 3632 mindensitates,
461 3576 505 3622 hoc
516 3585 557 3631 est,
570 3575 622 3623 data
630 3576 732 3621 materiae
741 3576 876 3637 quantitate,
955 3616 965 3638 e
1268 3616 1281 3632 „

255 3637 876 3696 utcontrsctiones;etcontractionessnntutdilata·
942 3615 1213 3690 (i'ssi'mml
1250 3617 1275 3664 δ’
1293 3618 1370 3665 ¹¹¹⁰d¹⁸
1387 3625 1434 3664 ⁸¹³²
1451 3619 1536 3666 ΜΟ·

255 3701 330 3752 tiones
339 3718 392 3764 quse
402 3701 489 3750 viribus
505 3701 602 3749 elasticis
617 3700 687 3750 medii
703 3703 813 3749 contracti
825 3715 878 3760 pro.
910 3693 992 3752 82¹0&
1004 3688 1040 3726 ⁰²¹
1050 3679 1076 3725 1¹¹
1085 3680 1130 3725 ¹¹⁶⁰
1140 3680 1242 3726 “tundo
1251 3683 1458 3741 casusupponitur,
1474 3682 1537 3730 vim

157 3815 163 3824 ,
255 3765 665 3828 ducuntur;etmlocitatesportium
673 3767 798 3828 equalium
808 3768 879 3813 amul
910 3743 1010 3817 ἴως’)
1019 3744 1341 3804 m⁰²¹l⁰⁰⁵¹⁰¹¹²¹¹²p⁸¹li¹¹¹⁰
1353 3745 1535 3804 “mmm

150 4471 159 4490 ¹
254 4469 389 4521 sttccedunt‚
406 4470 431 4513 ob
442 4469 597 4528 equalitatem
607 4468 772 4513 distantiarum
783 4465 879 4527 aeqnali-

908 3819 969 3853 uum
976 3807 1323 3854 mnuacuonrsetdilatationes
1329 3824 1387 3870 quas
1392 3809 1535 3868 producunt,

912 3869 953 3916 ssd
968 3871 1023 3931 quia
1041 3871 1182 3931 quantitates
1195 3871 1297 3918 materia
1307 3872 1332 3917 in
1343 3874 1446 3931 partibus
1456 3888 1536 3920 corre·

912 3933 1080 3993 spondentibus
1094 3944 1150 3980 mot
1165 3943 1192 3980 nt
1206 3935 1317 3995 pulsuum
1334 3935 1474 3993 latitudines,
1491 3953 1536 3985 seu

912 4005 941 4042 nt
950 3997 1051 4056 partiunt
1061 3998 1212 4060 analogarum
1224 3999 1349 4056 volumius,
1366 4009 1390 4046 et
1399 4010 1476 4058 partes
1486 4001 1535 4048 illa

911 4060 1017 4122 analogia
1032 4061 1112 4108 eundo
1126 4071 1151 4108 et
1165 4061 1285 4108 redeundo
1295 4062 1422 4110 dilatantur
1436 4072 1462 4110 ct
1476 4079 1548 4112 com.

253 3833 336 3893 genitur
343 3841 399 3878 suttt
406 3839 435 3878 ut
442 3833 499 3878 uires
507 3836 556 3892 (te.
567 3829 620 3877 Lib.
632 3829 675 3889 1.),
684 3829 728 3877 hoc
735 3842 776 3887 est,
786 3840 813 3877 ut
820 3845 877 3876 con·

255 3894 378 3942 tractiones
388 3903 412 3940 et
422 3893 574 3950 dilatationes,
591 3894 681 3956 idolique
693 3908 747 3939 cum
759 3896 832 3954 spatia
847 3894 879 3939 si-

256 3957 308 4005 mul
319 3958 431 4017 descripta
444 3957 491 4004 sint
506 3967 533 4004 ut
549 3956 681 4004 velocitates
697 3957 768 4005 simul
786 3957 880 4022 genitae,

255 4025 352 4084 aquales
368 4031 389 4069 et
407 4024 603 4081 cusammdemes
617 4024 730 4082 prdsuum
750 4038 880 4082 commou-

255 4089 357 4134 deutium
371 4093 451 4146 rurus
467 4087 512 4132 itus
528 4093 549 4142 et
565 4085 651 4132 reditus
666 4101 726 4139 suos,
746 4101 788 4132 seu
803 4093 881 4130 motus

255 4149 878 4210 suospcrtputiccontractimtiiusproportionoiia,cum
963 4188 969 4199 ,
1027 4189 1032 4199 ,
1337 4190 1343 4201 ,
1467 4192 1472 4201 ,

231 4238 233 4245 ·
255 4215 405 4260 mutuatum
416 4228 468 4274 quae
479 4221 535 4259 suut
545 4220 574 4258 ut
584 4213 657 4271 paria
667 4214 737 4262 simui
750 4221 877 4273 peragam,-
910 4187 1054 4266 mulla,
1064 4191 1117 4250 (μ’
1133 4189 1214 4262 ,ΗΜ
1233 4199 1400 4265 ΨΜΜΡ
1410 4200 1434 4238 ⁰²
1449 4190 1535 4238 ‘mm'

254 4285 276 4322 et
283 4277 487 4337 proptevcopuitut
496 4277 536 4337 qui
545 4284 643 4334 tempore
651 4274 696 4322 itsis
704 4283 725 4322 et
732 4273 817 4323 reditis
825 4278 877 4322 lati·
909 4259 985 4297 Μ
1002 4253 1102 4313 ¹⁶²⁰q¹¹⁸
1119 4267 1179 4299 ’Μ
1196 4252 1296 4301 dmm
1311 4262 1419 4301 mm
1432 4256 1535 4317 '‘1⁰²¹‘'

255 4342 360 4386 tudinem
370 4357 437 4392 samm
450 4341 611 4400 ,unguetenus
623 4341 746 4404 conficiunt
758 4340 838 4403 (314.)
854 4354 876 4386 et
909 4324 985 4362 m

254 4403 280 4449 in
295 4404 343 4448 loco
356 4406 470 4463 ptuituum
482 4401 583 4464 prosim&
595 4405 775 4464 procedentium
791 4419 878 4463 semper
944 4424 976 4487 (ι)
997 4428 1010 4455 .
1030 4403 1120 4489 Em
1135 4437 1223 4488 tmpus
1241 4427 1287 4479 ἰώ
1304 4440 1326 4478 ει
1342 4430 1434 4480 reditas·
1469 4432 1533 4478 Nam

254 4531 299 4576 bus
309 4529 452 4587 temporibus
462 4533 627 4591 &erupturum
638 4533 723 4591 aquati
733 4547 788 4579 cum
798 4532 879 4577 veloci·
911 4493 1534 4618 ffiffiffiffiffizffiffissffibgzfflgffl

254 4603 299 4642 tate
309 4609 335 4640 m
347 4595 421 4639 medio
430 4601 526 4655 utroque
532 4595 727 4658 progredientur.¹
888 4612 892 4617 ·
912 4615 987 4672 posita
1003 4630 1032 4660 ΘΧ
1048 4616 1210 4676 fflbdupliwg
1225 4618 1313 4668 mione
1327 4621 1429 4668 mma
1440 4631 1464 4668 et
1478 4625 1535 4668 sub·

287 4671 464 4746 (nummus
491 4677 550 4734 quod
572 4682 651 4746 portes
675 4677 876 4747 cormqundmtes.
912 4677 1030 4734 duplicata
1056 4680 1145 4726 ratione
1170 4683 1238 4743 spatii
1264 4687 1317 4749 (per
1339 4685 1393 4733 Cor·
1413 4690 1436 4732 5.
1458 4685 1531 4748 Prop.

228 4791 234 4804 ·
256 4737 375 4792 Quoniam
387 4737 442 4799 (per
454 4735 506 4783 Cas.
520 4736 553 4798 1.)
570 4751 595 4782 m
611 4735 693 4784 eodem
709 4737 786 4790 medio
797 4739 878 4786 homo·
892 4740 1015 4826 ‘xxtu
1029 4741 1082 4790 Lib.
1097 4744 1150 4806 11.)

911 4125 1035 4171 uehuntur
1046 4140 1086 4184 per
1096 4126 1169 4184 spatia
1178 4125 1345 4186 quantitatibus
1359 4127 1464 4174 materias
1478 4143 1549 4187 pro-.
1625 4161 1633 4182 .
