3275 5650
257 430 319 493 trs
557 420 898 492 PHILOSOPHIAE
921 422 1195 493 NATURALIS
1257 422 1370 505 [Mor.
1386 423 1542 492 Coacon.

147 639 158 665 .
254 590 337 660 Diu
351 590 455 655 medio
468 611 533 656 non
546 592 707 657 resistente
729 592 905 658 retardatur
917 591 952 657 iu
974 593 1004 656 E
1025 603 1072 655 est
1085 603 1122 657 ut
1137 592 1165 656 C
1181 591 1221 669 E,
1244 603 1276 656 et
1290 592 1335 656 vis
1350 590 1413 677 quei
1427 612 1544 677 corpus

254 696 323 761 din
337 698 440 763 medio
454 698 616 763 resistente
637 697 813 761 retardatur
827 697 861 761 in
875 721 894 761 e
907 710 955 763 est
975 710 1010 762 ut
1030 721 1152 766 summa
1172 698 1219 770 vis
1236 698 1343 765 Oeet
1357 698 1544 765 resistentia

256 803 283 868 C
300 804 340 880 Ο,
357 804 389 868 id
405 816 500 869 estut
516 803 547 869 Ο
562 826 597 879 e;
619 802 752 888 idedque
774 804 865 882 vires,
892 804 1003 890 quibus
1024 827 1156 889 corpora
1176 803 1384 881 retardantur,
1411 817 1484 871 sunt
1504 818 1544 877 ut

150 964 152 969 .
253 911 386 979 arcubus
403 913 430 975 C
446 913 485 989 E,
504 912 566 977 Oe
579 911 828 997 proportionales
842 933 933 977 arcus
949 912 977 977 C
993 913 1032 989 B,
1057 913 1088 976 O
1107 912 1153 988 133
1175 909 1372 996 proindeque
1393 912 1542 981 velocita-

252 1030 308 1096 tes,
335 1019 365 1081 in
389 1017 460 1101 dati
483 1018 535 1083 illi
557 1019 676 1085 ratione
697 1018 873 1097 retardans,
899 1034 1028 1085 manent
1048 1018 1082 1081 in
1098 1016 1210 1084 eidem
1234 1017 1287 1081 iltt
1313 1016 1386 1081 dart
1407 1019 1545 1091 ratione,-

253 1124 438 1188 Velocitates
452 1125 546 1211 igitur
561 1138 593 1191 et
607 1148 696 1189 arcus
710 1125 820 1191 iisdem
836 1124 982 1209 descripti
997 1146 1119 1209 semper
1133 1137 1206 1190 sunt
1220 1124 1262 1200 ad
1274 1123 1407 1192 invicem
1419 1125 1454 1189 in
1463 1125 1539 1196 dett

251 1223 303 1293 it'tt
327 1231 445 1297 ratione
468 1252 598 1299 arcum
624 1234 652 1297 C
669 1234 697 1298 B
712 1244 744 1299 et
759 1231 791 1297 Ο
807 1231 854 1309 Β;
877 1233 916 1317 (“)
932 1245 965 1308 et
978 1244 1144 1317 propterea
1158 1232 1185 1297 si
1199 1242 1361 1296 sumantur
1374 1235 1466 1307 arcus
1479 1234 1538 1306 toti

252 1338 341 1417 AB,
353 1363 373 1404 a
391 1340 420 1409 B
441 1340 601 1411 incident
624 1345 755 1422 ratione,
777 1364 911 1427 corpora
930 1342 976 1423 D,
1002 1342 1026 1407 d
1047 1341 1139 1407 simul
1158 1342 1336 1412 describent
1355 1342 1413 1413 hot
1434 1365 1538 1424 mue,

245 2890 276 2971 et
303 2905 337 2969 in
365 2905 442 2970 locis
471 2906 503 2969 A
528 2916 560 2969 et
584 2927 604 2968 a
628 2915 750 2969 motum
779 2925 906 2968 omnem
935 2902 1028 2966 simul
1056 2903 1208 2968 amittent.
1252 2887 1439 2975 Isochronae'
1463 2927 1543 2981 sunt

243 3015 339 3102 igitur
364 3015 570 3081 oscillationes
593 3025 677 3090 totae,
702 3025 733 3076 et
754 3013 887 3076 arcubus
909 3011 981 3075 totis
1003 3011 1040 3076 B‘
1048 3011 1089 3087 A,
1114 3011 1440 3098 Baproportionales
1463 3036 1542 3088 sunt

244 3145 373 3187 arcuum
396 3134 499 3206 partes
521 3120 668 3206 quaelibet
684 3119 712 3182 B
728 3119 772 3196 D,
790 3118 819 3185 B
834 3118 857 3181 d
871 3117 921 3182 vel
936 3118 965 3183 B
981 3117 1020 3194 E,
1038 3117 1067 3183 B
1082 3140 1100 3182 e
1115 3140 1186 3205 quar
1200 3121 1293 3186 simul
1307 3124 1540 3197 describuntur.

246 3232 288 3306 Q.
304 3254 330 3295 e.
347 3232 378 3293 d.

288 3340 390 3402 Corol.
435 3337 537 3426 Igitur
557 3348 660 3401 motus
686 3333 897 3399 velocissimus
918 3334 952 3398 in
973 3335 1079 3398 medio
1101 3336 1262 3401 resistente
1286 3362 1351 3404 non
1373 3344 1481 3410 incidit
1502 3348 1542 3412 in

31 3469 34 3480 ·
147 3433 155 3452 ⁸
244 3458 396 3532 punctum
418 3445 561 3508 infimum
585 3444 624 3521 C,
653 3444 693 3527 (¹)
710 3442 764 3524 sed
779 3442 934 3526 reperitur
948 3442 982 3503 in
996 3453 1114 3524 puncto
1128 3442 1182 3505 illo
1198 3443 1239 3522 0,
1263 3467 1327 3530 quo
1341 3471 1430 3514 arcus
1451 3464 1541 3517 totus

246 3556 419 3641 descriptus
445 3579 464 3618 a
486 3555 515 3620 B
540 3555 706 3652 bisecatur.
752 3551 795 3615 Et
821 3572 936 3635 corpus
962 3550 1094 3614 subinde
1117 3552 1278 3638 pergendb
1302 3555 1343 3619 ad
1365 3581 1393 3636 a,
1424 3560 1541 3629 iisdem

246 3663 395 3754 gradibus
419 3660 595 3726 retardatur
625 3657 736 3747 quibus
767 3671 859 3721 antea
887 3656 1118 3721 accelerabatur
1145 3657 1179 3719 in
1201 3658 1352 3737 descensu
1376 3687 1433 3730 suo
1458 3692 1478 3732 e
1505 3673 1542 3742 B
1593 3649 1598 3655 .

247 3777 288 3842 ad
305 3776 346 3842 O.

280 4015 314 4079 (¹¹)
330 4018 340 4045 '
354 4015 388 4064 Et
402 4025 527 4078 propterea.
563 4013 587 4062 si
606 4020 712 4060 sumatur
727 4025 794 4060 arcus
811 4011 835 4058 A
854 4010 875 4058 C
939 4009 976 4072 (¹)
989 4012 1002 4040 ¹
1015 4013 1059 4060 Sed
1068 4012 1181 4072 reperitur
1191 4013 1218 4060 ἰιι
1224 4021 1312 4074 puncto
1322 4015 1362 4062 illo
1375 4016 1402 4072 0,
1418 4034 1472 4080 qao,
1486 4020 1538 4074 ἃς,

248 4078 343 4141 equalis
356 4080 375 4126 C
387 4079 417 4136 B,
428 4088 452 4126 et
462 4078 547 4125 deinde
559 4092 626 4123 arcus
635 4076 680 4124 aB
692 4075 807 4123 ednrcurn
817 4075 841 4121 A
852 4073 875 4121 B
908 4072 972 4120 Nam
982 4073 1041 4120 ratio
1051 4073 1200 4121 velocitatnm
1207 4074 1232 4120 in
1238 4076 1321 4122 mediis
1328 4077 1477 4130 munet
1484 4099 1540 4133 non

247 4141 274 4188 in
287 4141 342 4190 dett
358 4143 446 4190 ratione
464 4141 648 4198 onerem
667 4154 763 4200 corpore
783 4137 877 4186 Detd
907 4137 1026 4185 resisteme
1042 4146 1077 4189 est
1093 4152 1183 4198 semper
1196 4138 1279 4186 eadem
1292 4140 1317 4186 in
1332 4144 1427 4201 puncti,
1444 4161 1538 4198 m

247 4203 319 4251 simul
336 4206 465 4254 describent
480 4209 523 4253 hos
541 4220 614 4262 arcus,
633 4212 657 4251 et
675 4203 700 4249 in
716 4202 773 4250 locis
785 4203 807 4248 A
820 4211 844 4248 et
859 4217 874 4247 a
904 4200 1060 4260 pendentibus
1071 4210 1098 4246 ut
1108 4199 1157 4246 ind
1170 4211 1194 4248 et
1206 4201 1239 4258 D,
1256 4202 1282 4250 in
1295 4203 1318 4252 0
1329 4215 1353 4252 et
1365 4207 1394 4264 C,
1409 4207 1488 4258 ineet
1496 4212 1537 4273 E3

247 4277 339 4314 motum
354 4283 448 4316 ornnem
465 4269 537 4317 simul
553 4269 666 4316 amittent
697 4266 760 4314 Nem
777 4280 832 4312 curn
843 4264 874 4311 sit
904 4263 1053 4324 sedoorporis
1068 4264 1094 4310 in
1109 4264 1187 4311 medio
1205 4280 1253 4312 non
1272 4267 1390 4317 resistente
1408 4273 1539 4326 oscillautis

247 4333 447 4443 prins
460 4329 733 4444 ³t⁰e¹¹tt³²⁶
747 4330 770 4439 t
783 4329 874 4438 Βίει
905 4327 1535 4446 tn¹⁰⁰⁰³¹¹⁶mt⁰r²³⁵⁶⁶n

246 4409 311 4505 irent
324 4459 344 4506 C
359 4459 389 4514 A,
406 4401 627 4522 tiel’thiqlubrtiidus
640 4458 663 4507 0
674 4408 873 4520 eoeguqinilisevaicui
904 4394 1045 4503 &iubetur
1055 4456 1080 4530 in
1091 4453 1201 4531 despensu
1206 4409 1309 4521 pepp&
1320 4413 1405 4508 illiti?
1416 4411 1538 4515 iiim.

248 4517 272 4564 0
280 4537 295 4568 s
301 4537 310 4579 ς
329 4521 417 4582 etquis
427 4533 505 4570 motus
515 4525 540 4571 in
550 4523 628 4570 medio
639 4538 687 4570 non
697 4521 817 4568 resistente
832 4535 873 4566 ex-
904 4535 958 4567 mus
968 4519 993 4564 ln
1003 4519 1081 4566 medio
1091 4529 1210 4568 resistente
1220 4524 1364 4583 reperiturin
1375 4526 1406 4583 0,
1418 4529 1537 4580 etiistlem

245 4585 362 4648 tinguitur
372 4585 397 4631 in
411 4587 443 4642 A,
461 4590 491 4634 ob
509 4589 529 4636 C
543 4588 566 4635 A
577 4607 612 4633 =
625 4588 646 4635 C
659 4587 696 4645 13,
713 4586 738 4632 in
749 4583 828 4632 medio
837 4597 874 4630 re·
906 4582 990 4630 deinde
1009 4583 1119 4646 gradibus
1136 4585 1264 4634 retardetur
1280 4587 1306 4634 in
1321 4603 1426 4650 ascensu,
1445 4594 1537 4659 quibu.

245 4649 340 4698 sistente
350 4649 500 4712 extinguetur
510 4666 603 4713 quoque
618 4650 643 4696 in
659 4666 680 4705 ιι,
698 4665 726 4698 eo
737 4647 799 4711 quod
809 4647 874 4695 velo·
906 4656 960 4696 anta
970 4648 1139 4696 accelerabatur
1150 4648 1174 4696 in
1185 4649 1304 4698 descensu.

245 4713 325 4762 citates
335 4714 360 4761 in
371 4712 428 4760 locis
439 4713 471 4770 E,
482 4729 496 4760 e
507 4723 530 4762 et
543 4717 575 4772 A,
592 4713 662 4761 ssim
671 4714 697 4762 in
708 4711 764 4762 dart
774 4711 870 4760 ηῑίοιιο.
