3275 5650
84 417 373 497 miserescunt]
404 419 654 488 enrncmm·
669 423 1039 493 maturuerint.
1085 394 1089 399 ’
1306 440 1362 498 ,191

571 928 753 1003 suerro
779 931 868 1040 vu.

279 1125 339 1196 De
355 1134 447 1197 mota
456 1127 650 1221 fluidorum
667 1142 701 1201 et
717 1132 914 1205 resistentid
922 1097 1163 1227 projectilinm.

171 1460 172 1467 ,
236 1399 544 1480 'PROP081T10
567 1414 723 1481 XXXII.
767 1416 1037 1523 THEOREbIA
1060 1418 1190 1482 XXVI.

89 1608 122 1671 si
134 1628 286 1689 amporam
300 1618 457 1692 systemata
473 1612 530 1672 dno
544 1611 656 1673 similia
673 1634 709 1673 ee
723 1614 835 1693 aeqtmli
849 1616 1070 1694 partiadarnm
1090 1634 1209 1676 numero
1222 1622 1382 1702 omnent„

126 1724 155 1776 et
175 1698 341 1795 partiaria
364 1718 621 1796 correspondentes
642 1718 752 1779 similes
772 1719 834 1780 sint
854 1727 884 1779 et
901 1720 1156 1799 proportionales,
1185 1721 1312 1802 siagria
1333 1721 1368 1780 in

125 1842 185 1883 nno
208 1831 363 1904 systemate
390 1823 517 1904 singulis
541 1824 574 1883 in
597 1823 704 1899 altera,
731 1832 761 1885 et
783 1825 933 1886 similiter.
947 1826 1014 1887 sita
1039 1827 1119 1887 inter
1137 1847 1178 1901 se,
1205 1846 1241 1887 ae
1263 1827 1368 1888 mam

124 1931 256 1993 ltabeant
277 1932 424 1992 rationem
445 1931 604 1993 densitatis
625 1932 668 1992 ad
690 1931 823 2005 inuicem,
850 1940 880 1993 et
902 1933 982 1994 inter
995 1953 1026 1994 se
1040 1932 1218 2014 temporibus
1236 1953 1369 2014 propor-

128 2039 293 2101 tionalibus
314 2040 453 2101 similiter
472 2040 584 2103 moveri
604 2040 755 2120 incipiant
777 2038 841 2122 (ea
854 2042 935 2104 inter
947 2025 978 2103 se
992 2062 1058 2124 quae
1072 2044 1105 2103 in
1119 2063 1178 2104 nno
1191 2052 1259 2105 nent
1277 2051 1369 2125 syste-
1455 2117 1462 2131 ἱ

124 2154 205 2207 mate
219 2153 249 2205 et
263 2163 306 2205 ece
321 2145 401 2205 inter
414 2165 445 2207 se
459 2164 525 2226 pera
538 2155 607 2207 snnt
622 2146 656 2206 in
670 2144 787 2229 altero)
810 2156 840 2208 et
853 2147 881 2208 si
900 2168 961 2209 non
983 2157 1115 2231 tangant
1132 2170 1164 2213 se
1182 2157 1281 2211 amno
1304 2168 1370 2230 quae

11 2300 12 2307 κ
127 2255 162 2315 in
186 2255 285 2315 eodan
307 2263 376 2317 stant
388 2262 551 2338 systemate,
576 2256 637 2318 nisi
652 2256 684 2317 in
698 2257 850 2317 momentis
864 2257 1064 2341 reflexionnm,
1088 2278 1181 2341 nepote
1195 2257 1366 2333 attrahant,

126 2360 293 2443 adfingent
305 2381 337 2422 se
350 2357 457 2435 matred,
474 2362 536 2423 nisi
549 2360 662 2423 uiribus
676 2362 934 2424 accelerantibus
948 2384 1014 2444 qrtae
1029 2365 1091 2425 sint
1104 2372 1138 2425 nt
1144 2363 1371 2445 particularum
1413 2396 1418 2405 ·

125 2467 416 2548 correspondentiam
431 2468 572 2530 diametri
587 2464 701 2532 inversi
715 2478 745 2531 et
759 2470 911 2550 quadrata
931 2472 1118 2533 mlocitatnm
1139 2467 1271 2533 directi.-
1299 2471 1367 2533 dico

11 2572 12 2575 ’
124 2573 205 2655 qnod
217 2581 401 2655 systematum
411 2575 574 2653 partienda
588 2575 651 2637 illa
658 2584 787 2657 pergent
802 2575 883 2637 inter
895 2594 926 2638 se
939 2576 1117 2659 temporibus
1124 2577 1371 2657 proportionali-

124 2677 177 2741 lms
192 2677 229 2761 (¹)
246 2678 386 2740 similiter
400 2679 518 2741 moueri.

129 2850 278 2934 Corpora
292 2845 404 2914 similia
424 2863 456 2914 et
477 2851 617 2916 similiter
638 2851 695 2916 sita
716 2853 908 2936 temporibus
929 2854 1214 2938 proportionalibus
1236 2855 1321 2919 inter
1338 2875 1372 2918 se

88 2955 225 3019 similiter
239 2957 357 3020 moveri
372 2956 452 3034 dico,
476 2979 609 3043 quorum
624 2959 699 3021 situs
715 2958 755 3022 ad
769 2959 901 3022 invicem
915 2960 949 3021 in
962 2960 1025 3023 line
1046 2973 1224 3044 temporum
1246 2961 1372 3025 illorum

12 3129 13 3134 ,
88 3083 209 3145 semper
222 3072 295 3124 sunt
309 3061 439 3126 similes:
460 3060 538 3146 putri
552 3063 579 3129 si
588 3063 748 3148 particulae
763 3065 857 3128 unius
871 3066 1045 3150 systematis
1059 3089 1131 3130 cum
1153 3065 1278 3130 ulterius
1300 3088 1373 3150 par·
1432 3142 1434 3149 y

12 3221 13 3256 3
87 3171 184 3233 titulis
200 3168 514 3252 correspondentibus
529 3169 735 3235 conferantur.
781 3173 877 3237 Unde
892 3185 1033 3257 tempora
1047 3187 1140 3238 erunt
1153 3175 1373 3258 proportiona-

12 3285 13 3356 j
87 3277 133 3355 lia,
143 3277 177 3341 in
186 3275 300 3362 qmbus
313 3275 426 3341 similes
438 3288 468 3342 et
476 3278 723 3362 proportionales
732 3279 905 3366 figurarum
913 3283 1059 3346 similium
1068 3296 1172 3367 partes
1184 3308 1204 3346 a
1212 3282 1373 3367 particulis

90 3386 402 3470 correspondentibus
417 3386 643 3451 describuntur.
688 3388 790 3474 Igitur
811 3389 839 3453 si
860 3389 923 3452 duo
944 3391 1008 3454 sint
1028 3391 1183 3475 ejusmodi
1198 3404 1372 3476 systemata,

89 3493 248 3576 particulae
261 3493 547 3577 correspondentes,
564 3493 605 3556 ob
614 3493 846 3558 similitudinem
856 3495 1063 3579 incoeptorum
1075 3509 1226 3594 motuum,
1242 3509 1375 3584 pergent

91 3601 230 3664 similiter
252 3601 378 3677 moveri,
405 3623 503 3685 usque
525 3599 624 3664 donec
646 3600 704 3664 sibi
718 3615 829 3666 mutuo
843 3615 1017 3666 occurrant.
1062 3603 1146 3666 Nam
1161 3604 1188 3666 si
1201 3602 1295 3666 nullis
1309 3603 1374 3689 agi·

91 3720 193 3774 tantur
216 3711 344 3787 viribus,
371 3709 610 3796 progredientur
634 3709 831 3774 uniformiter
856 3713 891 3793 (¹)
907 3711 940 3772 in
962 3711 1051 3774 lineis
1076 3711 1168 3774 rectis
1189 3733 1247 3793 per
1271 3709 1374 3774 motirs

89 3817 146 3904 leg.
165 3828 193 3882 1.
240 3820 275 3883 Si
289 3819 405 3882 viribus
420 3819 576 3902 aliquibus
591 3834 623 3882 se
636 3831 747 3883 mutuo
762 3817 890 3904 agitant,
899 3830 937 3881 et
950 3818 1031 3880 viras
1046 3815 1108 3879 illae
1123 3817 1185 3880 siut
1195 3829 1229 3879 ut
1239 3817 1375 3900 particu-

89 3924 187 3987 larum
198 3924 511 4009 ,correspondentiam
526 3923 668 3990 diametri
682 3924 803 3989 inverse
823 3935 855 3988 et
869 3923 1019 4009 quadrata
1032 3923 1229 3988 velocitntum
1244 3924 1373 4003 directe3

121 4119 155 4182 (¹)
169 4122 183 4150 ’
195 4121 307 4168 Sinditer
314 4121 408 4167 moneri.
445 4119 520 4166 Sunto
533 4118 555 4164 A
567 4125 590 4164 et
601 4133 622 4173 a,
636 4118 718 4178 Petp‚
751 4127 819 4180 atqua
832 4118 849 4164 S
861 4119 884 4164 A
899 4117 920 4164 B
931 4116 1026 4179 quibs
1036 4133 1048 4163 s
1058 4133 1072 4164 a
1081 4119 1104 4166 b.
1131 4116 1166 4164 Et
1175 4115 1227 4162 atie
1237 4115 1280 4162 absi
1290 4115 1375 4166 mutuo

93 4181 143 4229 Sat
153 4198 173 4238 s,
183 4183 227 4229 &a
241 4181 360 4229 auricula
373 4182 398 4228 in
408 4179 499 4228 duobus
509 4181 720 4243 systematrbussssri
751 4182 953 4241 comespoudantes
970 4181 1090 4240 particule
1109 4180 1228 4242 quiescant
1248 4178 1284 4226 val
1305 4180 1376 4227 siusili

90 4243 175 4293 muniis
196 4245 408 4306 correspondentes.
446 4245 563 4293 PartIcula
586 4245 610 4291 A
632 4245 657 4290 in
678 4260 722 4292 suo
753 4243 825 4291 modo
835 4251 978 4291 moveantur.
1014 4242 1158 4304 Repositis
1170 4242 1376 4291 demonstrandum

91 4318 217 4370 systensate
234 4317 338 4368 tompore
356 4309 385 4364 T,
405 4308 518 4356 describat
536 4307 635 4368 spatium
651 4323 721 4370 quam
753 4317 793 4364 est,
805 4307 868 4369 quod
878 4308 897 4354 si
907 4315 1029 4354 sumantur
1038 4316 1143 4366 tempore
1151 4305 1197 4354 ntia
1205 4321 1257 4368 quae
1265 4307 1312 4354 sint
1318 4307 1376 4356 utT

90 4371 218 4420 minimum
232 4372 256 4418 A
270 4373 300 4429 Β,
313 4381 337 4419 et
347 4371 459 4432 particula
469 4371 648 4431 comespondens
658 4387 679 4427 a,
696 4371 721 4416 ln
752 4379 776 4417 et
791 4381 808 4427 t,
827 4371 945 4431 particula
960 4369 1163 4430 correspondentes
1180 4380 1249 4418 aunt
1266 4370 1376 4435 utrinque

91 4436 165 4483 altaro
176 4444 302 4497 symmate
309 4443 438 4495 temporat,
452 4434 564 4482 describat
571 4436 669 4496 spadum
679 4436 722 4490 ab,
755 4435 859 4480 similiter
868 4436 954 4494 posita.
1003 4445 1010 4459 ¹
1029 4434 1038 4460 ‘

91 4499 165 4558 priori
178 4501 201 4546 Δ
218 4499 248 4555 Β,
268 4498 344 4546 simile
355 4497 505 4560 similiterque
519 4498 598 4555 situm,
614 4495 647 4544 iti
658 4508 684 4544 ut
694 4499 723 4544 sit
787 4497 819 4562 (⁸)
833 4503 845 4528 ⁸
859 4501 891 4545 ln
899 4496 1171 4558 dneisrectispermotsis
1177 4499 1219 4560 teg.
1231 4503 1252 4544 1:
1273 4497 1378 4558 stetque

95 4564 116 4608 A
130 4563 163 4618 Β,
181 4562 213 4610 ad
224 4563 273 4618 ab,
289 4561 439 4609 ntdiamatar
448 4559 568 4622 particula
581 4563 612 4618 A,
634 4560 663 4607 ad
672 4559 722 4608 dia·
754 4563 784 4608 ob
801 4560 931 4607 velocitates
946 4560 1072 4607 uniformes
1087 4569 1111 4608 et
1126 4561 1212 4608 similes
1222 4571 1329 4610 motuum
1339 4558 1375 4606 di-

92 4637 195 4672 metrum
207 4625 329 4686 particula
340 4642 363 4682 a,
374 4624 422 4673 sivi
432 4635 459 4672 ut
471 4625 494 4672 A
506 4625 522 4672 S
532 4623 561 4671 ad
572 4639 613 4677 as,
626 4623 662 4670 vel
675 4623 696 4670 P
705 4623 723 4671 S
753 4624 1076 4686 rectionaspergeutsimiliter
1083 4625 1170 4672 morari
1177 4624 1375 4686 emporitanum·

93 4688 181 4749 adpo,
198 4698 224 4737 et
238 4688 342 4752 angulus
355 4690 379 4736 A
392 4689 409 4738 S
422 4687 721 4752 Baqnslisangnloasb,
754 4688 928 4748 portionalrbns,
939 4687 1360 4751 usqueadaccurarssuosprimoa.¹
