3275 5650
101 468 392 549 mamercum]
435 464 675 535 PRINCIPIA
707 462 1076 529 MATHEMATIBA.
1314 472 1373 527 291

100 642 162 728 qud
177 640 291 702 lineola
307 639 336 702 E
352 639 385 703 G
399 638 432 701 in
446 637 522 701 lonis
537 638 600 700 suis
617 638 644 700 P
659 647 690 699 et
706 637 729 699 S
743 647 882 720 urgetur,
904 634 1007 698 estad
1021 599 1144 698 lineoloe
1158 633 1240 695 illins
1254 633 1378 716 pondus

99 763 136 814 ut
157 748 244 813 HK
269 761 294 811 ><
318 746 450 810 AadV
473 759 500 810 Χ
523 745 610 821 EG,
636 741 944 810 siveut'POxA
965 741 1006 804 ad
1027 741 1114 818 VV,
1138 740 1270 825 (⁶)nam
1291 739 1378 803 HK

101 867 167 918 erat
181 852 222 915 ad
238 852 310 915 EG
325 862 360 913 ut
376 849 445 915 ΡΟ
459 849 500 912 ad
515 850 555 917 V.
599 847 707 924 Quare
721 845 793 910 crim
808 857 958 929 tempora,
975 846 1087 930 quibus
1102 844 1234 929 aequalia
1248 864 1379 925 corpora

99 985 157 1047 per
178 962 309 1048 aequalia
329 960 427 1045 spatia
451 958 661 1042 impelluntur,
693 956 755 1019 sint
784 956 822 1038 (θ)
844 952 1001 1036 reciproce
1029 952 1063 1015 in
1091 950 1306 1033 subduplicetd
1328 972 1382 1013 ru·

100 1075 187 1137 tione
208 1072 330 1149 virium,
357 1073 415 1134 erit
436 1082 558 1152 tempus
580 1066 761 1131 vibrationis
781 1065 889 1140 unium.
910 1075 1043 1150 urgente
1057 1062 1087 1124 ri
1106 1060 1163 1125 illst
1181 1060 1314 1137 elasticd,
1338 1060 1379 1123 ad

99 1197 224 1265 tempus
239 1178 431 1254 vibrationis‚
447 1187 581 1262 urgente
592 1174 623 1237 ri
636 1172 792 1259 ponderis,
814 1172 848 1234 in
862 1170 1078 1255 subduplicata
1098 1171 1218 1233 ratione
1240 1170 1271 1232 V
1286 1169 1316 1230 V
1337 1169 1378 1231 ad

102 1291 132 1355 P
147 1290 178 1355 Ο
193 1306 219 1357 χ
238 1290 280 1363 A,
305 1284 339 1370 (ἢ
354 1298 448 1371 atque
459 1282 531 1346 ideo
545 1282 586 1345 nd
600 1293 720 1365 tempus
735 1279 934 1343 oscillationis
955 1278 1085 1363 penduli
1106 1278 1193 1370 cujus
1214 1276 1378 1363 longitudo

101 1412 150 1462 eat
162 1398 194 1462 A
206 1398 240 1460 in
254 1391 467 1477 subduplicatd
489 1392 608 1455 ratione
623 1392 654 1453 V
669 1391 698 1451 V
713 1390 754 1453 ad
771 1391 798 1453 P
814 1389 846 1453 Ο
862 1404 895 1457 κ.
907 1389 947 1468 A,
971 1400 1003 1451 et
1024 1385 1237 1471 subduplican'r
1258 1386 1378 1448 ratione

103 1504 135 1570 P
148 1504 180 1569 Ο
193 1503 234 1567 ad
249 1503 280 1565 A
295 1498 501 1583 conjunctim3
524 1495 557 1559 id
572 1508 628 1571 est,
650 1496 683 1557 in
706 1495 825 1559 ratione
840 1494 960 1579 integral
976 1494 1007 1555 V
1020 1492 1061 1555 ad
1075 1494 1116 1557 A.
1161 1492 1224 1557 Sed
1239 1504 1378 1575 tempore

101 1608 279 1673 vibrationis
293 1605 385 1670 unius
400 1602 500 1666 exitu
514 1614 545 1664 et
559 1600 660 1663 reditu
676 1601 865 1683 compositae,
881 1600 989 1682 pulsus
1004 1597 1236 1684 progrediendo
1251 1596 1377 1660 conficit
1407 1635 1410 1641 ·

101 1716 294 1781 latitudinem
309 1738 396 1778 suam
412 1716 440 1779 B
453 1715 491 1779 C.
525 1716 611 1801 Ergo
626 1727 757 1799 tempus,
775 1737 838 1800 quo
851 1715 960 1799 pulsus
974 1712 1129 1797 percurrit
1144 1712 1323 1796 spatium'B
1338 1712 1376 1787 C,

102 1823 142 1908 (Β)
157 1833 204 1886 est
219 1820 259 1883 ad
274 1833 396 1904 tempus
418 1819 613 1883 oscillationis
634 1819 725 1883 unius
739 1842 779 1883 ex
793 1821 839 1882 itu
854 1831 886 1882 et
907 1819 1008 1883 reditu
1021 1820 1221 1902 compositae,
1245 1832 1279 1882 ut
1294 1820 1325 1881 V
1339 1820 1379 1882 ad

103 1929 144 2003 A,
162 1928 201 2011 (¹¹)
213 1918 246 1989 id
260 1938 316 2003 est,
333 1938 368 1989 ut
384 1926 412 1989 B
426 1926 453 1989 C
469 1926 509 1989 ad
524 1926 800 1989 circumferentiam
815 1925 922 1988 circuli
933 1925 1137 2009 cujusradius
1149 1938 1196 1989 est
1207 1927 1248 1990 A.
1282 1928 1379 1991 Tem-

101 2057 159 2123 pus
175 2044 287 2110 autem,
304 2054 366 2115 qno
379 2032 487 2114 pulsus
501 2042 661 2115 percurret
675 2032 807 2114 spatium
825 2032 853 2095 B
867 2031 905 2107 C,
922 2044 967 2094 est
982 2031 1022 2094 ad
1037 2042 1158 2115 tempus
1173 2054 1237 2117 quo
1250 2054 1378 2116 percur-

102 2154 150 2205 ret
176 2138 402 2224 longitudinem
426 2136 499 2199 huic
526 2136 783 2199 circumferentiae
806 2136 967 2222 aequalem,
996 2135 1034 2220 (¹¹)
1049 2136 1082 2198 in
1107 2135 1216 2199 eddem
1240 2138 1377 2213 ratione;

100 2246 233 2331 ideoque
258 2257 398 2347 tempore
419 2242 489 2305 talis
509 2242 709 2305 oscillatiouis
732 2242 841 2326 pulsus
870 2254 1030 2326 percurret
1058 2241 1285 2329 longitudinem
1304 2243 1378 2309 huic

101 2354 358 2418 circumferentiae
372 2351 532 2438 aequalem.
577 2351 620 2426 Q.
636 2374 663 2413 e.
679 2350 710 2413 d.
1207 2435 1210 2439 λ

147 2461 244 2523 Corol.
263 2467 291 2521 l.
324 2457 481 2521 Velocitas
502 2456 649 2540 pulsuum
663 2478 701 2518 ea
715 2465 770 2532 est,
799 2477 893 2540 qnam
907 2456 1071 2539 acquirunt
1091 2456 1198 2541 gravm
1218 2456 1379 2541 aequaliter

101 2566 272 2631 accelerato
286 2578 372 2629 motu
394 2565 544 2643 cadendo,
571 2577 603 2628 et
623 2586 698 2627 casu
719 2586 776 2627 suo
798 2564 1003 2627 describendo
1025 2565 1187 2627 dimidium
1210 2566 1380 2629 altitudinis

103 2674 143 2737 A.
188 2673 272 2737 Nam
286 2684 427 2756 tempore
441 2694 529 2735 casus
545 2672 646 2757 hujus,
670 2693 741 2735 cum
754 2672 917 2735 velocitate
931 2672 1073 2735 cadendo
1088 2673 1246 2756 acquisitri,
1268 2674 1378 2757 pulsus

101 2791 263 2866 percurret
276 2780 409 2864 spatium
425 2777 458 2862 (¹)
474 2777 559 2863 quod
573 2778 632 2844 erit
646 2776 765 2863 aequale
779 2778 838 2860 toti
852 2778 1007 2842 altitudini
1023 2780 1071 2855 A;
1091 2778 1224 2864 ideoque
1238 2791 1379 2864 tempore

102 2877 301 2950 oscillationis
324 2884 415 2947 unius
429 2879 532 2968 exitu
546 2895 577 2946 et
591 2883 692 2948 reditu
713 2885 892 2968 compositae
916 2898 1078 2969 percurret
1102 2885 1236 2968 spatium
1259 2887 1377 2970 aequale

101 2989 357 3054 circumferentiae
381 2988 488 3052 circuli
512 2988 600 3051 radio
615 2990 646 3053 A
662 2989 826 3072 descripti:
851 2990 897 3075 (Μ)
913 3002 960 3055 est
974 2991 1057 3052 enim
1078 3003 1201 3073 tempus
1226 2991 1315 3054 castis
1336 2993 1377 3054 ad

101 3112 223 3183 tempus
237 3097 434 3162 oscillationis
449 3110 484 3163 ut
498 3097 603 3162 radius
617 3098 723 3163 circuli
738 3099 777 3166 ad
793 3099 931 3186 ejusdem
945 3099 1231 3165 circumferentiam.

135 3315 169 3380 (⁶)
181 3318 195 3346 ¹⁸
208 3318 275 3364 Nam
286 3319 316 3365 H
323 3320 352 3364 K
356 3327 406 3366 erat
420 3323 451 3367 ud
467 3322 492 3368 Ε
505 3322 562 3369 Gut
575 3323 598 3370 P
611 3323 629 3370 0
644 3325 675 3368 nd
696 3325 723 3380 V,
755 3322 813 3370 tudo
826 3324 858 3381 A,
869 3323 929 3371 datis
940 3325 1012 3372 medii
1022 3324 1135 3374 densitate
1146 3335 1169 3373 et
1180 3326 1203 3372 ri
1213 3324 1375 3380 elastlcrldatA,

102 3379 128 3424 in
138 3379 200 3426 dem.
217 3380 286 3439 Prop.
301 3381 426 3460 XLVII.¹
756 3398 790 3433 est
800 3396 828 3433 ut
837 3389 938 3444 spatium
951 3390 973 3434 B
987 3390 1007 3437 C
1023 3391 1053 3436 ad
1069 3389 1145 3436 datam
1162 3393 1315 3450 peripheriam
1332 3392 1376 3437 cir-

135 3443 170 3505 (‘)
189 3446 202 3473 ⁸
221 3447 274 3490 Sint
290 3449 400 3505 marmore
417 3463 443 3494 tn
461 3447 618 3508 subduplicntd
637 3451 725 3497 ratione
756 3449 803 3496 culi
814 3449 879 3497 radio
892 3455 914 3497 A
926 3451 1048 3512 descripti;
1060 3453 1140 3514 liquet,
1152 3454 1215 3515 quod
1222 3466 1318 3515 tempus,
1328 3470 1377 3516 quo

102 3508 195 3580 virture.
229 3506 297 3554 Patet
307 3522 348 3567 per
361 3510 414 3556 Cor.
427 3516 450 3556 5.
466 3511 535 3572 Prop.
550 3511 650 3558 XXIV.
666 3513 720 3560 Lib.
754 3513 837 3573 pulsus
847 3516 960 3574 percurrit
969 3517 1070 3575 spatium
1083 3517 1104 3564 B
1115 3518 1144 3572 C,
1156 3529 1196 3563 aut
1207 3519 1286 3565 eadem
1296 3518 1376 3565 celeri-

102 3569 182 3631 buJus.
755 3585 802 3622 tate
812 3588 955 3636 percurreret
964 3579 1043 3626 datam
1059 3581 1210 3639 peripheriam
1221 3582 1300 3628 circuli
1311 3582 1376 3627 radio

137 3633 167 3696 (f)
182 3635 285 3707 “Atque
300 3633 348 3682 ieleb
363 3640 394 3682 nd
409 3646 504 3697 tammo,
522 3639 564 3684 &c-
600 3638 669 3686 Petet
683 3653 725 3700 per
758 3641 782 3687 A
803 3640 915 3700 descripti,
943 3643 993 3688 fore
1014 3644 1048 3690 eis
1068 3645 1147 3702 spatiis
1173 3644 1372 3702 proportionalem.

103 3699 724 3817 tumtltlttlt'lttstr..Atella-(²¹
758 3705 839 3813 &¹3¹²
859 3715 950 3813 tuf
971 3721 1018 3767 ‘¹¹¹⁰
1039 3708 1121 3813 ¹²¹¹·ll¹¹⁵·
1143 3707 1255 3779 ¹‘·⁰'⁶¹¹'·‘³‘
1275 3708 1375 3779 ...eum

103 3821 134 3867 lte
147 3823 169 3868 E
185 3823 211 3896 F!
224 3833 321 3898 urgente
331 3777 471 3884 viplrnderis
481 3827 560 3886 ipsius,
581 3837 614 3873 est
624 3779 654 3874 gd
665 3781 724 3875 ricmis
755 3799 831 3875 reditis
839 3783 1079 3890 Ξωροεξῑῐὲρέἓηῗιξίιί
1090 3778 1375 3892 diljirnsllolliglldddelstlldl

105 3900 150 3943 pus
159 3886 308 3934 oscilletroms
319 3889 413 3947 penduli
425 3890 492 3950 cujus
507 3891 629 3952 longitudo
640 3903 674 3939 est
691 3893 723 3948 A,
755 3901 782 3938 ut
797 3903 889 3950 tempus
905 3906 952 3954 quo
969 3893 1050 3951 pulsus
1067 3896 1179 3953 percurrit
1195 3895 1257 3940 idem
1273 3895 1375 3954 spatium

104 3947 300 4008 insubduplieatt
310 3953 397 3998 ratione
411 3953 431 3998 P
443 3953 465 4000 Ο
477 3955 506 3999 ad
520 3958 550 4000 A.
758 3955 780 4001 B
798 3955 826 4007 C,
848 3953 877 4000 ad
897 3965 1052 4018 tempusque
1073 3958 1184 4015 percurrit
1205 3957 1375 4018 longitudinem

138 4012 173 4075 (Ε)
187 4016 200 4042 ”
214 4015 257 4060 Eat
274 4019 304 4062 ad
320 4025 408 4077 tempus
420 4019 564 4064 oscillationla
575 4020 645 4065 unius
656 4035 682 4064 er
690 4021 725 4066 itu
756 4017 868 4078 aequalern
879 4019 1069 4065 circumferentiae
1085 4019 1163 4066 circuli
1175 4021 1242 4081 cujus
1252 4021 1330 4067 radius
1340 4030 1375 4067 est

104 4084 127 4122 et
138 4079 213 4124 reditu
228 4081 358 4139 composite,
375 4079 472 4140 penduli
482 4081 550 4142 cujus
561 4081 682 4142 longitudo
692 4089 725 4128 est
759 4083 798 4138 A;
820 4079 919 4144 idcdque
937 4093 1039 4143 ternpore
1058 4083 1109 4128 talis
1127 4084 1273 4130 oscillationis
1294 4083 1376 4144 pulsus

107 4141 140 4184 A.
757 4157 875 4204 percurret
906 4145 1076 4208 longitudinem
1104 4147 1159 4194 buic
1184 4146 1376 4194 circumferentia

140 4203 176 4264 (¹¹)
189 4207 202 4233 *
217 4205 246 4250 Id
253 4213 292 4260 est,
300 4214 326 4252 ut
336 4208 359 4252 B
369 4209 425 4255 (lad
433 4209 638 4271 circumferentium
647 4208 727 4255 circuli
759 4207 878 4270 aequalem.

105 4267 262 4326 cajnrrndius
273 4277 305 4315 est
316 4273 347 4315 A.
383 4270 446 4318 Nam
463 4271 498 4332 (in
514 4271 637 4316 demonstr.
654 4271 723 4331 Prop.
790 4272 820 4334 (¹)
833 4275 847 4301 ¹⁵
862 4275 928 4326 Quod
944 4275 987 4321 erit
1001 4277 1087 4336 aequnle
1105 4277 1145 4323 toti
1160 4275 1310 4322 altitudiniA
1322 4276 1373 4338 (80.

107 4329 236 4390 XLVII.)
248 4341 296 4378 erat
309 4333 331 4378 V
342 4333 419 4380 radius
429 4334 509 4380 circuli
521 4333 728 4380 circumferentiam
760 4335 812 4383 Lib.
829 4335 864 4394 1.)

105 4391 213 4438 habentis
228 4394 342 4454 aequalem
359 4395 479 4443 intervallo
492 4398 513 4443 B
527 4398 561 4455 C3
579 4397 642 4443 unde
652 4406 686 4444 est
704 4397 727 4442 V
791 4398 831 4461 (ω)
844 4402 857 4429 ”
870 4401 914 4447 Est
929 4403 990 4449 enim
1006 4410 1094 4462 tempus
1109 4400 1181 4456 cusat,
1198 4417 1239 4461 per
1254 4401 1377 4449 dimidiam

105 4454 136 4500 ad
151 4457 173 4501 A
185 4465 212 4501 ut
224 4457 245 4502 Β
259 4459 278 4504 C
294 4457 325 4504 ad
340 4458 549 4508 circumferentiam
565 4461 645 4506 circuli
661 4461 728 4523 cujus
759 4460 905 4508 altitudinem
919 4465 939 4509 A
952 4464 982 4510 ad
992 4474 1084 4523 tempus
1098 4466 1246 4511 oscillationis
1262 4468 1333 4512 unius
1348 4480 1376 4510 ex

104 4518 185 4565 radius
196 4528 231 4565 est
244 4521 274 4566 A.
758 4525 808 4572 solo
823 4526 866 4580 itu,
883 4527 919 4572 vel
935 4527 985 4573 solo
999 4527 1075 4573 reditu
1086 4529 1217 4585 constantis,
1228 4539 1256 4575 ut
1266 4524 1377 4574 dianleter

139 4581 175 4642 (ἱ)
194 4585 207 4611 *
226 4587 257 4630 In
273 4583 350 4631 eddam
369 4589 464 4634 ratione.
497 4587 616 4642 Quoniam
636 4595 728 4647 tempus
758 4589 838 4646 circuli
854 4589 884 4634 ud
899 4591 949 4652 ejus
964 4591 1171 4638 circumferentiam
1184 4596 1250 4655 (470.
1264 4593 1316 4638 Lib.
1332 4590 1379 4650 1.),‘

105 4659 153 4706 quo
164 4645 246 4705 pulsus
256 4647 366 4705 percurrit
373 4649 472 4710 spatium
485 4651 506 4698 B
518 4652 544 4706 C,
556 4650 627 4696 estad
635 4661 727 4711 tempus
756 4651 855 4714 idemne
865 4651 895 4698 ad
906 4663 997 4712 tempus
1007 4654 1105 4713 duplum
1115 4655 1263 4702 oscillationis
1271 4655 1377 4700 uuiusex

106 4708 188 4756 datum
199 4709 347 4758 oscillatiouis
362 4712 457 4776 integre
467 4713 563 4775 penduli
574 4715 641 4776 cujus
651 4714 727 4776 longi-
757 4715 793 4762 itu
803 4725 827 4762 et
837 4715 912 4764 reditu
923 4717 1061 4778 composite,
1073 4726 1101 4765 ut
1110 4719 1188 4788 radius
1198 4719 1277 4767 circuli
1288 4717 1317 4764 ad
1328 4717 1378 4778 ejus

720 4799 768 4848 TA
