3275 5650
272 426 333 491 136
394 454 397 459 -
571 368 910 481 ruruosornnn
931 413 1205 482 unanimus
1259 414 1377 495 [nor.
1394 413 1549 479 cosm.

268 586 325 649 &a
371 584 404 668 (¹)
420 584 463 649 Et
476 583 526 646 hae
540 584 704 670 gravitates
726 582 829 646 ductae
842 583 876 646 iu
889 582 1065 647 altitudines
1077 585 1109 646 A
1124 580 1164 660 B,
1184 578 1212 643 B
1227 582 1265 658 C,
1282 581 1368 659 CD,
1390 584 1448 647 &c-
1471 605 1549 647 con·

268 691 373 755 ficient
397 691 572 776 pressiones
596 690 629 755 A
645 690 691 767 H,
709 690 738 753 B
753 691 780 767 I,
799 691 828 756 C
844 691 886 769 K,
911 694 970 759 Suc.
997 693 1108 778 quibus
1133 691 1263 755 firndum
1290 691 1320 754 Α
1335 692 1367 755 Τ
1382 692 1412 756 V
1438 696 1549 778 (juxta

268 800 446 865 Theorems
460 799 549 883 XV.)
576 809 713 885 urgetur.
759 800 898 864 Sustinet
918 822 994 887 ergo
1013 799 1166 884 particula
1188 801 1219 863 A
1240 800 1413 883 pressiones
1435 824 1546 867 omnes

267 910 298 973 A
314 908 360 985 H,
378 909 406 973 B
422 908 448 985 Ι,
467 906 494 971 O
511 891 553 985 K,
570 908 604 971 D
619 904 658 984 L,
685 906 723 992 (ι)
744 910 907 995 pergendo
926 909 959 972 in
979 910 1152 985 infinitum3
1176 919 1207 973 et
1227 908 1381 992 particula
1403 902 1432 975 B
1453 933 1550 994 pres-r

266 1018 367 1081 siones
389 1038 496 1080 omnes
510 1028 627 1100 praeter
638 1017 772 1101 primam
787 1017 818 1080 A
835 1018 889 1095 H;
916 1030 949 1082 et
960 1018 1113 1103 panicula

267 1125 295 1188 C
309 1146 417 1188 omnes
438 1135 554 1209 praeter
575 1125 652 1189 duas
667 1124 783 1208 primas
798 1124 830 1187 A
846 1125 893 1203 H,
912 1126 942 1190 B
957 1126 974 1190 I
982 1150 991 1202 ;
1014 1137 1046 1189 et
1066 1125 1111 1189 sic

264 1236 427 1320 deinceps:
451 1235 585 1322 ideoque
604 1234 766 1319 particulae
787 1235 899 1318 primae
923 1234 956 1299 A
976 1232 1112 1298 densitas

264 1345 294 1406 A
310 1343 357 1420 H,
383 1355 430 1408 est
455 1344 495 1407 ad
518 1341 680 1428 particulae
703 1342 848 1407 secundae
873 1343 902 1406 B
927 1342 1112 1406 densitatem

264 1450 664 1515 BIutsummaomnium
688 1450 773 1515 ΑΗ
793 1458 826 1525 -Ι-
846 1452 908 1516 Bl
928 1459 960 1526 -Ι-
980 1450 1054 1513 CK
1073 1459 1109 1525 -1-

261 1562 296 1626 D
312 1563 351 1639 L,
366 1563 400 1625 in
414 1562 580 1639 infinitum,
607 1561 647 1625 ad
663 1580 815 1625 summam
835 1543 975 1623 omnium
991 1558 1053 1623 ΒΙ
1072 1567 1105 1633 -Ι-

262 1668 290 1733 C
307 1669 339 1733 K
358 1680 391 1744 -Ι-
411 1670 445 1733 D
462 1670 501 1747 L,
518 1671 575 1735 &c
621 1670 664 1733 Et
684 1669 712 1733 B
729 1670 746 1734 I
761 1669 896 1732 densitas
912 1665 1058 1732 secundae
1080 1666 1110 1731 B

260 1790 306 1842 est
319 1778 361 1841 ad
378 1779 406 1842 C
422 1777 454 1841 K
470 1778 654 1842 densitatem
675 1779 776 1842 tertiae
789 1778 833 1854 ,0,
857 1787 893 1863 ut
907 1798 1029 1841 summa
1041 1798 1110 1839 om·

258 1885 769 1964 niumBI÷cK÷DL‚
801 1888 859 1951 &a
890 1885 1107 1948 adsummam

258 1994 397 2057 omnium
414 1994 441 2057 C
458 1993 491 2057 K
511 2002 544 2069 -Ι-
563 1994 597 2057 D
609 1992 648 2069 L,
665 1996 723 2058 &a
771 1994 851 2058 Sunt
865 1994 960 2080 igitur
975 2013 1105 2056 summoe

256 2100 319 2162 illae
334 2100 519 2175 differentiis
541 2102 606 2165 suis
628 2102 659 2167 A
675 2103 722 2180 H,
751 2086 822 2181 ΒῚ,
848 2104 876 2167 C
893 2103 936 2180 K,
958 2106 1016 2168 &a
1038 2124 1113 2187 pro-

255 2211 456 2294 portionales,
485 2224 576 2296 atque
599 2212 670 2277 ideb
692 2212 840 2277 continue
863 2210 1112 2297 proportionales

257 2322 326 2402 (per
340 2319 433 2402 hujus
449 2319 539 2382 Lem.
556 2320 596 2400 Ι.)
608 2320 802 2407 proindeque
812 2320 995 2385 differentiae
1010 2320 1041 2383 A
1058 2320 1105 2397 H,

180 2466 185 2482 .
255 2424 322 2503 ΒΙ,
341 2423 424 2501 CK,
441 2425 497 2488 &c
515 2429 642 2491 summis
650 2427 909 2512 proportionales,
927 2437 1000 2489 sunt
1011 2426 1105 2488 ctiam
1184 2448 1212 2496 Τ

253 2539 400 2612 continue
410 2536 670 2625 proportionales.
717 2536 827 2612 Quare
849 2534 921 2598 crim
936 2534 1104 2597 densitates

251 2648 285 2710 in
298 2648 375 2711 locis
388 2648 430 2725 A,
449 2648 487 2725 B,
506 2649 543 2724 C,
559 2649 616 2712 &c
634 2644 696 2708 sint
710 2654 746 2707 ut
760 2644 792 2706 A
808 2642 855 2719 H,
874 2641 903 2705 B
919 2642 945 2717 I,
964 2641 992 2704 C
1010 2641 1052 2717 K,
1075 2644 1132 2705 &c
1156 2656 1248 2708 eruut
1262 2644 1355 2707 etiam
1369 2645 1421 2707 hae
1435 2646 1538 2710 conti-

250 2754 313 2819 nue
327 2755 586 2840 proportionales.
631 2752 786 2842 Pergatur
799 2774 857 2837 per
872 2750 994 2828 saltum,
1020 2761 1051 2813 et
1066 2772 1106 2813 ex
1121 2772 1212 2838 aequo
1225 2753 1258 2815 in
1276 2754 1428 2817 distantiis
1452 2754 1534 2834 SA,

251 2867 275 2930 S
291 2866 327 2944 C,
346 2867 369 2932 S
385 2867 414 2932 E
438 2866 584 2938 continue
605 2861 901 2950 proportionalibus,
925 2872 1017 2924 erunt
1031 2859 1198 2924 densitates
1222 2862 1250 2924 A
1269 2861 1316 2939 Η,
1336 2863 1364 2926 C
1380 2863 1423 2937 K,
1449 2862 1477 2926 E
1493 2863 1537 2927 Μ

249 2974 394 3038 continue
419 2973 678 3060 proportionales·
724 2972 767 3036 Et
782 2969 894 3034 eodem
919 2981 1113 3054 argumento,
1139 2968 1172 3029 in
1196 2967 1350 3030 distantiis
1374 2968 1536 3054 quibusvis

248 3081 393 3146 continue
407 3078 691 3166 proportionalibus
715 3075 794 3152 SA,
818 3074 900 3150 SD,
925 3074 949 3137 S
965 3073 1010 3150 G,
1031 3072 1198 3136 densitates
1220 3073 1251 3136 A
1267 3072 1314 3150 H,
1338 3073 1373 3137 D
1388 3073 1427 3150 L,
1453 3075 1483 3138 G
1500 3075 1537 3140 Ο

142 3195 146 3203 “
248 3201 339 3252 erunt
354 3188 499 3252 continue
513 3185 771 3271 proportionales.
818 3184 939 3248 Co'e‘ant
955 3184 1022 3268 jam
1043 3194 1160 3266 puncta
1182 3183 1223 3260 A,
1242 3183 1280 3260 B,
1300 3184 1337 3260 C,
1355 3183 1400 3261 D,
1417 3180 1456 3261 Ε,
1473 3185 1535 3249 διο.

248 3319 285 3360 eo
295 3279 335 3359 'ut
348 3296 526 3382 progressio
537 3295 721 3382 gravitatum
734 3293 950 3379 specificatum
965 3316 985 3355 a
998 3292 1097 3355 fundo
1113 3293 1144 3356 A
1159 3293 1199 3357 ad
1214 3293 1422 3358 summitatem
1443 3293 1536 3358 fluidi

247 3406 393 3470 continua
418 3405 575 3483 reddatur,
603 3417 635 3470 et
658 3405 692 3468 in
714 3404 868 3468 distantiis
894 3403 1054 3488 quibusvis
1078 3400 1224 3464 continue
1245 3404 1535 3484 proportionalibus

249 3517 327 3592 SA,
345 3513 427 3592 SD,
445 3517 468 3582 S
484 3515 526 3593 G,
543 3515 710 3580 densitates
726 3516 757 3577 A
773 3515 820 3589 H,
838 3513 873 3577 D
890 3512 930 3588 L,
948 3511 981 3575 G
998 3510 1039 3586 0,
1056 3533 1180 3594 semper
1195 3510 1363 3575 existentes
1385 3513 1536 3577 continue

246 3620 502 3706 proportionales,
518 3620 689 3684 manebunt
700 3619 870 3686 etiamnum
887 3614 1033 3680 continue
1047 3616 1306 3700 proportionales.
1353 3619 1395 3696 Q.
1411 3643 1438 3684 e.
1454 3619 1486 3685 d.

225 3783 229 3822 ,
291 3729 386 3794 Corol.
433 3725 520 3792 Hinc
535 3726 560 3790 si
575 3726 668 3790 detur
683 3723 818 3792 densitas
835 3723 924 3787 fluidi
938 3723 972 3784 in
986 3722 1109 3818 duobps
1123 3721 1209 3801 locis,
1225 3722 1302 3807 putd
1316 3725 1348 3788 A
1363 3737 1394 3790 et
1409 3727 1448 3804 E,
1466 3724 1536 3792 col.

222 3831 228 3866 l

243 3984 323 4032 renus
335 3989 359 4032 a
373 3985 404 4042 n,
419 3985 440 4032 a
453 3985 482 4040 c,
495 3985 515 4032 c
526 3983 558 4041 u,
569 3985 612 4030 ae.
625 3983 681 4044 rpus
690 3981 871 4043 proponam
902 3950 958 4000 ‘¹³¹¹‘
969 3953 1008 4014 (θ’
1017 3951 1147 4014 demna)
1156 3953 1255 4016 Μ’*
1264 3953 1371 4015 “iffi
1380 3954 1448 4004 ‘lu‘
1459 3914 1531 4048 'gv

243 4057 318 4095 erunt.
859 4110 866 4120 '
901 4054 987 4114 pressio
998 4053 1063 4102 fluidi
1074 4054 1202 4115 cylindrici,
1218 4055 1286 4116 ctrjus
1296 4066 1332 4104 est
1341 4057 1441 4108 altitudo
1459 4063 1482 4110 A
1495 4063 1531 4124 B,

276 4110 306 4172 (¹)
319 4116 332 4142 ·
346 4115 380 4160 Et
396 4115 431 4160 te
447 4113 568 4173 &sodates
587 4114 670 4167 ducta,
689 4111 731 4156 &a
768 4109 831 4156 Nam
847 4124 866 4155 sr
899 4117 980 4166 eriam
992 4122 1015 4165 Λ
1027 4117 1063 4172 H,
1075 4119 1141 4164 etita
1151 4117 1286 4166 demeris,

242 4172 335 4232 pondus
345 4175 407 4236 quod
419 4174 521 4221 fundum
537 4173 674 4234 sphericum
694 4175 716 4220 A
730 4173 787 4220 TV
798 4173 867 4219 susti·

243 4245 290 4292 net,
307 4247 435 4297 exponatur
445 4254 486 4298 per
497 4237 627 4297 cylindrum
638 4241 705 4300 cujus
715 4237 775 4284 basis
790 4251 867 4297 eque»
933 4239 971 4304 (ἱ)
985 4244 1039 4289 175.
1058 4245 1072 4271 ⁶
1087 4245 1239 4303 regenerata
1249 4246 1374 4311 infinitum.
1410 4249 1533 4306 Quon'nm

243 4297 273 4345 lia
282 4299 313 4346 rit
322 4302 450 4360 mperficiei
464 4303 488 4350 A
502 4303 523 4349 Τ
536 4303 559 4347 V
573 4311 597 4348 et
607 4300 707 4348 altitudo
718 4301 799 4348 eadem
814 4313 869 4360 quae
900 4304 963 4350 enim
976 4306 1029 4365 (per
1040 4304 1120 4365 Hyp.)
1137 4305 1238 4353 densitas
1253 4311 1417 4370 compressioui
1432 4330 1533 4376 propor-

242 4362 308 4410 lluidi
319 4363 481 4421 incumbentis,
493 4366 602 4412 volrmren
613 4364 680 4412 fluidi
692 4363 810 4425 cylindrici
826 4378 869 4422 pro
900 4366 994 4416 tionrlis
1010 4377 1050 4420 est,
1071 4368 1112 4414 ubi
1130 4372 1269 4431 compressio
1288 4373 1354 4421 nulla
1372 4376 1454 4434 eredit,
1474 4372 1533 4428 eva.

241 4426 365 4474 altitudine
378 4428 400 4474 A
415 4429 437 4474 B
448 4429 492 4477 erit
504 4431 528 4477 A
541 4430 563 4478 T
576 4431 599 4475 V
608 4435 633 4484 χ
649 4429 672 4476 A
686 4429 717 4484 B,
729 4425 828 4488 idetque
838 4429 869 4474 ob
900 4430 974 4478 nescit
984 4446 1077 4494 quoque
1092 4431 1201 4492 dendus,
1220 4451 1269 4492 seu,
1289 4437 1389 4486 fluidum
1400 4439 1427 4488 fit
1436 4441 1533 4492 infinita

241 4491 319 4536 datam
331 4491 475 4549 superficiem
490 4494 512 4538 A
526 4493 589 4551 TV,
599 4492 642 4540 erit
651 4491 761 4540 volumen
771 4491 832 4537 illud
842 4501 870 4538 ut
901 4509 989 4550 rarum,
1000 4510 1027 4542 ec
1038 4494 1135 4555 proinde
1144 4497 1170 4543 iu
1180 4499 1298 4547 infinitum
1309 4502 1447 4562 expanditur
1452 4523 1460 4563 ς
1472 4504 1534 4555 cim

243 3921 286 3968 &c
309 3921 356 3968 sint
372 3919 482 3968 continue
500 3918 687 3982 proportionales,
706 3933 788 3967 earum
803 3916 872 3965 diffe-

130 4563 131 4566 ’
244 4555 266 4601 A
283 4555 311 4612 B,
324 4554 491 4613 multiplicetur
501 4555 562 4602 illud
577 4571 618 4616 per
631 4557 768 4617 gravitatem
779 4553 870 4614 speriti·
901 4558 961 4606 ratio
971 4557 1096 4606 voluminis
1110 4560 1141 4608 ed
1156 4563 1259 4611 materie
1268 4566 1422 4626 quantitatem
1436 4567 1533 4619 infinita

240 4633 291 4666 cum
303 4627 327 4666 et
337 4619 426 4665 factum
438 4618 481 4665 erit
492 4628 519 4667 ut
529 4620 622 4680 pondus
632 4635 674 4667 seu
685 4619 786 4680 pressi03
798 4633 870 4680 quare
902 4621 983 4670 evadet
994 4624 1028 4686 (2.
1044 4623 1096 4672 Lib.
1112 4623 1155 4686 L).
