3275 5650
269 446 329 510 192
571 433 910 505 PHILOSOPHIAE
931 432 1203 524 NATURALIS
1275 435 1384 519 [Mor.
1401 436 1550 504 maroa

265 614 413 701 quoniam
425 611 647 703 particidarum
662 610 736 673 situs
753 620 825 672 sunt
846 608 961 672 similes
982 619 1014 672 et
1034 608 1115 671 vires
1136 608 1393 691 proportionales,
1419 609 1454 694 (ἲ)
1469 612 1552 674 vires

265 732 341 784 totae
355 719 467 806 quibus
481 717 641 801 particulae
664 715 941 798 correspondentes
963 712 1129 801 agitantur,
1153 736 1193 777 ex
1207 714 1324 778 viribus
1340 716 1468 802 siugulis
1483 718 1552 803 agi-

264 826 400 889 tantibus
415 828 485 907 (per
498 824 604 908 legum
621 818 829 885 Corollarium
845 820 1028 899 secundum)
1045 820 1235 902 compositae,
1260 820 1375 888 similes
1389 821 1552 886 habebunt

264 931 544 1007 determinationes,
560 928 690 1012 perinde
706 948 742 991 ac
757 926 784 989 si
797 938 905 989 centra
918 926 1000 989 inter
1013 925 1180 1009 particulas
1198 926 1339 998 similiter
1349 928 1405 990 sita
1415 929 1552 1012 respice«

263 1053 350 1115 rent3
373 1050 405 1102 et
426 1048 517 1100 erunt
538 1036 618 1099 vires
638 1034 700 1097 illae
715 1046 789 1098 tctae
804 1033 992 1097 adinvicem
1007 1046 1042 1096 ut
1056 1032 1136 1095 vires
1159 1032 1291 1119 singuloe
1316 1047 1546 1116 componentes,

262 1152 323 1215 hoc
339 1161 395 1227 est,
418 1159 453 1211 ut
467 1142 775 1229 correspondentium
789 1142 1012 1227 particularum
1026 1143 1169 1207 diametri
1188 1142 1317 1219 inverse,
1345 1156 1376 1207 et
1397 1144 1549 1230 quadrata

263 1260 460 1325 velocitatum
481 1256 615 1321 directi:
638 1269 670 1320 et
688 1266 855 1340 propterea
874 1254 1007 1319 efficient
1028 1266 1064 1317 ut
1085 1253 1360 1337 correspondentes
1385 1254 1548 1335 particulae

262 1367 380 1454 figuras
393 1364 507 1430 similes
529 1362 704 1429 describere
725 1373 867 1448 pergunt
912 1361 951 1445 (⁰)
969 1360 1052 1424 Haec
1067 1360 1111 1423 ita
1126 1382 1159 1424 se
1172 1358 1332 1422 habebunt
1354 1363 1422 1445 (per
1437 1358 1546 1446 Corui.

294 1557 327 1621 (‘)
339 1561 353 1589 ⁶
370 1560 433 1605 Vires
448 1565 501 1604 tota
516 1558 597 1619 pisitur
611 1557 737 1617 particula
755 1570 888 1615 comspcrr·
923 1553 1104 1615 ANqunrim
1113 1552 1233 1612 particrtlte
1246 1552 1388 1612 Sexprimat,
1400 1551 1546 1617 duceturque

261 1622 554 1682 demetags'tortturrimr‘les
562 1622 676 1667 habebunt
682 1620 887 1673 drtmniaatioaes,
921 1617 945 1663 N
958 1618 995 1673 M,
1013 1615 1124 1676 parallelo
1144 1617 1168 1662 A
1182 1616 1211 1675 P,
1230 1626 1254 1662 et
1269 1632 1298 1662 ex
1314 1615 1345 1662 Μ
1360 1615 1460 1665 ducatur
1476 1618 1505 1665 M
1521 1620 1544 1667 R

260 1693 282 1731 et
292 1693 362 1732 erunt
372 1688 404 1731 ad
412 1686 510 1732 inuicem
520 1692 546 1731 ut
554 1684 776 1745 correspondentiam
783 1683 888 1742 prartiort·
919 1678 1030 1740 parallela
1039 1684 1062 1726 A
1071 1680 1094 1733 S,
1102 1678 1143 1726 flet
1150 1679 1391 1741 parallelogrammum
1404 1682 1426 1726 A
1437 1680 1462 1726 N
1472 1681 1501 1728 M
1511 1681 1542 1738 R,

259 1750 339 1795 lurum
353 1750 458 1797 dirimi
473 1746 561 1797 iamed
576 1756 598 1795 ct
613 1749 726 1811 quadrato
742 1748 887 1793 renouatum
917 1744 943 1791 in
958 1758 1006 1806 quo
1022 1744 1053 1790 M
1067 1745 1135 1790 R=
1149 1743 1173 1789 A
1187 1744 1219 1798 N,
1239 1754 1264 1791 et
1278 1743 1379 1805 angulus
1396 1745 1418 1791 A
1432 1746 1457 1790 M
1474 1744 1497 1791 R
1506 1766 1543 1793 .·.-.

261 1813 352 1859 directi.-
919 1823 973 1869 ang.
990 1808 1018 1853 M
1032 1809 1055 1854 A
1069 1808 1102 1863 N,
1119 1804 1217 1869 ider‘rque
1236 1809 1256 1853 A
1271 1808 1296 1853 N
1311 1807 1341 1853 ad
1359 1812 1382 1853 A
1397 1808 1420 1854 R
1436 1819 1462 1854 ut
1477 1810 1543 1858 sinus

293 1872 440 1921 *Paucum
452 1874 475 1922 A
486 1872 615 1922 interdura
627 1874 677 1922 Set
689 1872 717 1929 P,
734 1880 758 1919 et
772 1871 887 1933 particula
918 1870 1000 1934 anguli
1012 1871 1041 1919 Μ
1054 1871 1078 1917 A
1092 1872 1116 1918 R
1126 1868 1156 1917 ad
1167 1870 1245 1917 sinum
1255 1886 1309 1933 ang.
1324 1870 1354 1917 M
1366 1873 1390 1917 A
1402 1871 1434 1927 N,
1454 1872 1541 1921 sireut

259 1937 343 1985 aiuter
352 1937 411 1985 duas
420 1952 433 1985 s
443 1946 466 1985 et
476 1953 492 1999 p
502 1938 549 1985 siut
559 1938 663 1985 similiter
671 1937 728 1993 aitte,
740 1935 885 1997 etquicum-
919 1935 941 1982 P
956 1935 977 1981 A
989 1934 1018 1981 ad
1031 1935 1048 1981 S
1061 1936 1092 1991 A,
1103 1935 1148 1981 hoc
1158 1942 1193 1981 est
1203 1942 1230 1981 ut
1240 1934 1298 1983 vires
1308 1935 1472 1993 particularum
1489 1937 1543 1984 Set

259 2016 306 2062 que
322 1997 436 2049 celeritate
452 2002 477 2048 in
492 2002 617 2049 directione
632 2000 738 2049 similiter
747 1996 823 2059 positis
832 2014 885 2059 par·
919 1996 948 2054 P,
968 1996 1067 2059 ider‘rque
1083 2000 1105 2044 A
1120 1999 1143 2045 R
1158 1997 1270 2058 exprimet
1280 1996 1327 2043 vim
1338 1998 1456 2058 particula
1469 2000 1497 2055 P,
1515 2012 1540 2047 et

258 2064 392 2111 timiama
405 2065 428 2111 A
439 2073 462 2112 et
472 2080 486 2113 a
496 2065 607 2121 fetantur,
618 2066 783 2123 trahanturque
794 2064 832 2109 sel
846 2062 885 2108 iu-
919 2062 941 2108 A
955 2061 984 2109 M
995 2062 1109 2121 exprimet
1123 2063 1170 2109 vim
1187 2062 1336 2120 compositam
1347 2076 1375 2109 ex
1386 2062 1473 2109 viribus
1490 2065 1542 2113 Set

258 2137 344 2191 geritur
353 2128 400 2174 illae
411 2128 529 2189 particulae
543 2130 565 2175 A
576 2136 623 2176 eta
634 2123 649 2173 ὲ
659 2126 777 2187 particulis
789 2128 805 2175 S
816 2134 840 2172 et
853 2124 882 2181 P,
918 2125 947 2173 P.
983 2125 1093 2171 Sumatur
1100 2126 1125 2172 in
1136 2142 1168 2173 as
1178 2126 1264 2171 lineola
1273 2142 1288 2171 a
1299 2140 1322 2181 n,
1331 2141 1384 2187 quar
1395 2126 1424 2173 sit
1434 2126 1464 2173 ad
1474 2131 1495 2175 A
1506 2128 1539 2186 N,

259 2200 327 2252 setp
337 2206 378 2252 per
385 2191 443 2238 vires
451 2208 504 2254 quoe
511 2190 558 2239 siut
568 2202 595 2239 ut
605 2190 711 2238 diametri
719 2188 884 2249 particulamm
916 2196 944 2235 ut
954 2188 1029 2236 asad
1042 2190 1065 2235 A
1079 2187 1201 2246 Sinverse,
1214 2197 1237 2236 et
1248 2199 1275 2235 ut
1282 2188 1420 2250 quadratum
1431 2188 1539 2238 velocita-

258 2254 486 2314 correspcndentium
502 2255 590 2303 inverse
600 2255 646 2300 sive
658 2252 762 2299 utiineae
776 2253 880 2298 homolo·
915 2252 945 2299 tis
955 2252 980 2298 in
991 2252 1046 2300 aad
1061 2253 1200 2314 quadratum
1216 2252 1343 2299 velocitatis
1360 2253 1385 2298 in
1403 2255 1427 2299 A
1443 2253 1539 2311 directis,

258 2330 296 2379 gro
306 2316 359 2363 inve
386 2316 394 2333 “
415 2326 438 2364 et
448 2318 559 2379 quadrata
569 2316 716 2363 velocitatum
724 2314 817 2369 directe,
830 2316 883 2362 dico
914 2314 1036 2377 ductisque
1052 2331 1069 2362 n
1078 2332 1103 2362 m
1119 2326 1143 2364 et
1158 2332 1183 2362 ιιι
1194 2330 1206 2362 ι
1221 2316 1336 2375 parallelis
1353 2313 1419 2363 lineis
1435 2333 1482 2376 ap,
1499 2334 1540 2365 as

214 2402 218 2412 '
256 2373 883 2491 ΜΨΜΜΜΜΜΜΜΜΨΜΨ
914 2388 1008 2491 Μ”ἰῖ
1017 2379 1402 2491 ΜῖΜΜΜΜΨΜΜ
1411 2389 1457 2427 ”t
1472 2397 1496 2440 ¹''
1514 2392 1540 2430 ‘²

258 2515 327 2564 mate,
344 2520 400 2553 uam
410 2504 493 2570 auguli
505 2504 522 2555 S
534 2460 578 2555 pos
572 2507 594 2555 P
604 2517 628 2555 et
638 2523 650 2554 s
659 2523 674 2553 a
683 2522 707 2567 p,
723 2458 782 2568 qdds
792 2455 883 2554 ιἰἔίῗιωιιὶ
947 2506 992 2555 Sed
1003 2458 1033 2553 db
1043 2506 1220 2554 similitudino·
1235 2458 1405 2568 uisapgdomm
1423 2507 1446 2554 A
1458 2506 1485 2554 N
1496 2508 1536 2564 M,

258 2569 318 2617 vires
336 2579 437 2633 agentes,
459 2586 489 2618 ex
509 2572 630 2633 hypothesi
651 2570 751 2632 aequales
769 2580 831 2625 sunt,
847 2572 882 2617 vis
913 2587 989 2619 anm
1005 2581 1039 2618 est
1057 2572 1079 2617 A
1093 2571 1157 2619 Nad
1171 2571 1194 2617 A
1207 2572 1235 2617 M
1252 2570 1470 2625 sicutanadam,
1487 2588 1538 2621 sive

259 2642 338 2680 autem
350 2633 476 2695 composita
486 2644 595 2698 sequetur
601 2634 746 2697 diagonalem
754 2649 806 2694 quae
812 2634 882 2681 faciat
913 2635 947 2681 ris
957 2634 1076 2696 particulae
1089 2637 1120 2692 A,
1137 2634 1224 2683 adsim
1235 2633 1384 2693 compositam
1395 2649 1423 2681 ex
1434 2642 1538 2694 panicu-

256 2696 548 2759 angulcscumdirecticne
554 2698 674 2759 utriusque
683 2697 716 2743 ris
722 2698 881 2757 componentis
912 2700 942 2745 lis
954 2702 971 2747 S
981 2709 1005 2746 et
1017 2699 1046 2755 P,
1057 2700 1125 2747 utris
1135 2698 1254 2758 particula
1264 2714 1279 2744 a
1288 2697 1320 2745 ad
1327 2698 1374 2745 rim
1384 2700 1536 2757 compositam

256 2774 356 2824 quorum
366 2760 432 2808 sinus
442 2760 489 2809 sint
499 2760 615 2823 reciprocis
625 2768 653 2809 ut
660 2760 719 2806 vires
726 2770 828 2824 ugentes,
839 2776 881 2821 per
912 2777 941 2809 ex
955 2762 1074 2824 particulis
1084 2779 1096 2809 s
1106 2772 1129 2809 et
1139 2778 1162 2823 p,
1180 2760 1278 2824 ideoque
1293 2760 1398 2814 vicissim,
1415 2761 1449 2807 vis
1463 2764 1537 2823 parti-

256 2833 363 2872 naturam
373 2825 457 2873 virium
467 2827 653 2888 compositarum,
674 2826 704 2873 sit
714 2839 741 2871 ea
751 2824 880 2886 diagonalis
911 2827 972 2873 culte
984 2829 1007 2874 A
1018 2827 1048 2874 ad
1058 2827 1105 2874 rim
1115 2826 1235 2887 particular
1244 2842 1259 2872 a
1269 2835 1303 2881 ut,
1319 2826 1353 2872 vis
1367 2826 1493 2885 composita
1502 2843 1534 2874 ex

255 2887 293 2936 hic
301 2889 325 2935 A
335 2887 372 2946 M,
383 2886 432 2938 illic
441 2903 495 2949 am,
506 2889 613 2954 eritergo
623 2887 802 2952 sinusauguliS
812 2889 878 2944 AM,
911 2891 934 2936 vi
944 2887 1108 2950 particularum
1125 2891 1175 2938 Set
1187 2889 1216 2946 P,
1233 2889 1263 2935 ad
1277 2890 1324 2934 vim
1338 2889 1489 2948 corapositam
1505 2906 1536 2938 ex

836 2945 843 2960 ’
911 2954 997 3002 viribus
1004 2953 1168 3014 particularum
1178 2968 1190 2999 s
1200 2962 1224 3000 et
1233 2968 1264 3013 p;
1280 2951 1321 2999 sed
1331 2952 1365 2998 ris
1375 2951 1495 3012 particulae
1509 2956 1535 3002 A

911 3026 947 3064 est
956 3016 1044 3064 adsim
1059 3015 1178 3076 particular
1192 3031 1214 3072 a,
1231 3015 1318 3062 inverse
1329 3025 1356 3062 ut
1366 3015 1535 3076 particulanrm

908 3078 1019 3134 mamad,
1037 3088 1061 3127 et
1070 3079 1157 3128 ᾶὶιωιὲ
1171 3090 1199 3128 ut
1215 3079 1360 3126 vdociurum
1374 3080 1486 3140 quadrua
1503 3097 1536 3128 ει

909 3145 1037 3205 hypothesi,
1057 3159 1114 3208 ergo
1129 3145 1187 3191 vires
1202 3143 1334 3203 composita
1349 3143 1440 3190 suntin
1450 3141 1535 3192 eidem

907 3209 1003 3256 rationo.
1039 3207 1073 3263 Q.
1082 3207 1110 3254 'a'
1119 3207 1143 3255 d.

941 3271 1010 3319 Idem
1025 3272 1170 3318 ratiocinium
1182 3271 1211 3318 ad
1222 3269 1281 3317 vires
1291 3270 1428 3330 compositas
1438 3286 1466 3318 er
1477 3271 1531 3332 plu.

907 3335 971 3383 ribus
986 3335 1103 3396 particulis
1118 3334 1261 3382 extendetur.
1298 3331 1370 3381 Unde
1387 3337 1445 3382 virts
1467 3342 1531 3391 toto,

940 3463 975 3527 (¹¹)
988 3467 1001 3494 ⁸
1015 3466 1118 3512 Hosius
1133 3479 1156 3511 se
1171 3463 1285 3509 habebunt
1301 3464 1353 3525 (per
1365 3459 1420 3508 Cor.
1436 3465 1457 3507 1.
1469 3467 1528 3509 et8.

908 3525 978 3587 r’rop
993 3527 1040 3574 1v.
1059 3524 1169 3586 Ln.1.).
1205 3527 1257 3572 Aut
1274 3524 1338 3588 quod
1355 3523 1419 3571 idem
1436 3532 1473 3572 est
1488 3537 1533 3584 per

908 3591 953 3639 boc
964 3591 1069 3636 Lemma.

238 3677 241 3696 ι
690 3709 694 3716 .
942 3659 993 3702 189.
1013 3656 1117 3702 Lemma.
1155 3652 1180 3700 Si
1198 3665 1293 3712 corpora
1310 3651 1359 3699 duc
1380 3654 1409 3706 A,
1429 3666 1450 3710 a,
1467 3651 1532 3701 ciret

252 3711 284 3762 ad
294 3713 372 3760 sinum
382 3711 464 3775 auguli
477 3711 499 3762 P
510 3714 534 3762 A
547 3713 585 3771 M,
595 3714 685 3764 inverse
691 3715 721 3766 'ut
732 3715 765 3764 ris
776 3716 876 3778 particu·
907 3726 986 3764 cenna
1001 3717 1098 3764 immota
1110 3717 1133 3774 S,
1151 3735 1169 3774 s,
1187 3717 1334 3778 projiciantur
1349 3716 1478 3764 secundum
1492 3717 1532 3764 di·

253 3777 283 3824 lte
296 3776 353 3825 Sad
364 3775 416 3822 'vim
432 3775 550 3836 particulae
563 3778 642 3827 Psive
661 3779 746 3828 directe
765 3790 792 3828 ut
807 3782 875 3829 linea
907 3781 1019 3827 rectiones
1034 3782 1058 3828 A
1071 3781 1103 3835 D,
1116 3780 1162 3834 ad,
1178 3795 1231 3842 quar
1242 3792 1296 3825 mun
1307 3778 1418 3825 distantiis
1437 3782 1459 3826 A
1473 3781 1490 3828 S
1506 3791 1531 3828 et

253 3841 386 3902 homologa
400 3840 416 3886 S
429 3841 452 3886 A
463 3849 486 3888 at
496 3841 517 3888 P
529 3843 552 3888 A
569 3846 634 3905 (nam
645 3845 755 3905 quoniam
765 3844 795 3892 de
805 3846 876 3892 unico
905 3857 940 3890 aa
949 3844 1155 3906 aquatasangutos
1164 3845 1189 3890 D
1200 3846 1223 3890 A
1233 3845 1258 3899 S,
1269 3843 1286 3888 d
1296 3859 1311 3889 a
1320 3858 1333 3889 s
1341 3844 1494 3900 consumunt,
1506 3855 1532 3892 et

153 3924 155 3928 ·
254 3919 348 3964 corpore
361 3905 384 3950 A
396 3918 459 3950 nunc
470 3903 547 3966 agitur
556 3905 614 3952 ratic
629 3906 793 3968 quadratorum
809 3909 874 3956 velc-
908 3919 1034 3970 urgeantur
1049 3908 1135 3955 viribus
1150 3907 1344 3966 acceleratricibus
1359 3917 1437 3953 centra
1448 3907 1530 3966 illas,

253 3967 349 4014 citatum
360 3965 398 4012 hic
406 3965 463 4011 nihil
471 3969 556 4029 mutat)
564 3970 647 4028 pariter
653 3970 717 4017 sinus
725 3971 874 4034 angulisam
905 3985 917 4017 s
932 3971 1111 4032 respicientibus,
1134 3986 1188 4033 quoe
1202 3985 1294 4029 semper
1310 3969 1357 4018 sint
1374 3969 1435 4017 inter
1454 3984 1482 4018 sa
1501 3982 1532 4021 ut

254 4030 328 4077 estad
339 4029 417 4074 sinum
428 4029 507 4090 anguli
518 4045 534 4090 p
545 4047 594 4077 am
605 4042 632 4080 ut
642 4049 677 4081 sa
688 4034 717 4081 ad
728 4050 779 4094 pa;
791 4036 831 4082 sed
840 4046 875 4084 est
905 4035 1016 4096 quadrata
1025 4035 1172 4082 velocitstum
1182 4049 1304 4093 corporum
1315 4033 1432 4081 directdet
1441 4033 1544 4096 distan-⁸

256 4094 308 4141 SA
320 4091 351 4138 ad
364 4091 385 4137 P
398 4092 420 4136 A
437 4092 496 4138 sicut
507 4107 518 4138 s
529 4094 579 4140 aad
590 4111 605 4155 p
616 4112 630 4142 a
641 4112 668 4143 ex
680 4099 806 4158 hypothesi,
816 4115 874 4162 ergo
906 4100 946 4144 tia
956 4115 970 4145 a
980 4099 1064 4146 centris
1074 4097 1169 4152 inverse,
1185 4112 1280 4156 corpora
1289 4095 1330 4144 iila
1340 4097 1427 4160 figuras
1442 4099 1531 4147 similes

253 4153 335 4216 anguli
346 4154 447 4228 aequales
457 4155 473 4202 S
487 4157 508 4202 A
522 4155 577 4203 Pet
587 4174 598 4204 s
608 4175 622 4206 a
632 4175 648 4220 p
658 4160 682 4207 in
694 4162 774 4208 eadem
789 4162 876 4209 ratione
907 4160 968 4209 circii
979 4171 1057 4210 centra
1069 4163 1085 4210 S
1096 4170 1140 4208 ets
1150 4160 1285 4214 describent,
1297 4161 1429 4223 similesque
1440 4174 1463 4208 et
1475 4177 1530 4222 pto-

254 4227 360 4264 secantur
375 4233 416 4277 per
431 4217 503 4266 lmeas
521 4221 591 4276 AM,
611 4237 626 4267 a
636 4237 667 4282 m,
686 4221 784 4285 ideoque
795 4223 876 4287 anguli
907 4226 1046 4288 portionales
1062 4225 1188 4287 figurarum
1199 4223 1290 4270 illarum
1302 4235 1376 4286 partes
1387 4227 1530 4286 temporibus

255 4280 273 4328 S
284 4281 307 4326 A
321 4279 351 4326 M
361 4290 405 4354 ets
415 4297 429 4327 a
439 4297 470 4356 m,
485 4281 514 4328 M
523 4285 545 4329 A
556 4284 611 4360 Pet
621 4301 645 4330 m
656 4303 695 4346 ap
706 4299 760 4334 sunt
767 4289 873 4348 aquales,
907 4289 1113 4350 proportionalibus
1123 4295 1263 4362 percurrent
1365 4351 1371 4366 ·

253 4343 613 4471 ‘tt‘i'tt‘t‘iR‘tttt‘t
626 4351 875 4476 Sittium&
905 4350 1529 4478 ςΜΡωΜΨΜιῗῙΜΜΜιΜΜΜΞΜ

254 4472 287 4532 Ω,
299 4479 349 4519 erat
362 4477 382 4516 1.
411 4533 417 4545 ι
808 4513 812 4524 .
905 4479 1050 4539 portionales.
1085 4479 1220 4542 Juuganmr
1233 4479 1291 4532 SD,
1304 4478 1376 4527 sdet
1387 4494 1483 4540 corpora
1497 4485 1530 4539 A,

284 4539 306 4582 2.
327 4533 395 4580 Vires
410 4533 457 4580 tllae
473 4539 605 4598 composita
624 4551 693 4588 erunt
707 4550 735 4589 ut
767 4541 873 4590 articula-
905 4559 921 4590 a
940 4544 1082 4604 temporibus
1100 4541 1217 4604 quibusvis
1237 4541 1265 4596 T,
1283 4551 1294 4588 t
1310 4540 1439 4591 describant
1460 4559 1530 4593 arcus

252 4615 305 4648 rum
324 4597 430 4645 diametri
448 4597 536 4646 inverse
553 4612 576 4649 et
594 4605 706 4666 quadrata
726 4558 875 4654 velocitatem
910 4607 934 4679 A
947 4607 977 4664 B,
989 4609 1029 4656 ab
1039 4607 1079 4669 qui
1097 4605 1170 4653 lineas
1188 4602 1249 4662 SD,
1266 4603 1303 4652 sd
1322 4608 1447 4669 attingunt.
1484 4609 1532 4655 Su.

252 4661 344 4712 directe.
907 4678 1002 4716 mantus
1019 4686 1086 4718 meus
1103 4670 1126 4716 A
1140 4669 1167 4726 P,
1183 4685 1198 4715 a
1208 4670 1223 4715 b
1234 4669 1274 4731 qui
1284 4667 1364 4734 ecdem
1382 4673 1531 4730 tempuscula

285 4727 380 4775 &ostiu
397 4731 523 4787 utcumque
536 4727 562 4773 in
577 4727 704 4778 directione
721 4732 745 4780 A
759 4733 775 4781 S
791 4731 877 4780 lineola
907 4732 1014 4796 descripti
1030 4733 1083 4791 sint,
1100 4741 1123 4781 et
1133 4731 1202 4780 duca
1214 4731 1236 4779 12
1249 4733 1271 4778 G
1283 4731 1391 4792 paralleli
1405 4734 1422 4780 S
1435 4734 1469 4793 D,
1487 4735 1532 4783 erit
