3275 5650
247 441 310 498 ³06
567 429 907 498 PHILOSOPHIAE
929 429 1201 499 NATURALIS
1254 433 1361 514 [Mor.
1380 434 1532 500 Coarom

247 626 370 690 semper
388 604 590 690 quantitatem
611 601 715 668 motin
735 603 876 687 accipiat,
899 625 994 688 quam
1008 605 1158 689 imprimit
1169 606 1205 669 in
1218 607 1378 670 materiam
1394 609 1530 674 vorticis.

248 713 323 778 Sine
336 711 391 776 tuli
404 709 561 794 principio
574 729 703 773 noeesse
716 722 764 773 est
777 720 814 772 ut
826 708 939 796 globus
954 721 986 774 et
999 709 1124 776 vorticis
1138 724 1243 795 partes
1257 693 1430 793 interiores,
1453 739 1530 800 pro-

244 832 394 908 pagantes
408 837 530 902 semper
544 829 663 882 motum
678 840 769 882 suum
783 819 818 882 in
833 819 1012 898 exteriores,
1028 842 1129 906 neque
1135 844 1255 886 novum
1265 823 1400 910 aliquem
1407 838 1530 892 motum

245 933 436 1016 recipientes,
459 927 635 992 tardescaut
646 927 797 1011 paulatim
812 939 845 1006 et
859 929 892 992 in
907 929 1015 994 orbem
1029 930 1080 1017 agi
1094 930 1246 996 desinant.

288 1041 387 1106 Corol.
403 1047 433 1105 5.
458 1039 492 1105 Si
505 1039 618 1127 globus
631 1037 710 1103 alter
722 1039 797 1104 lruic
809 1039 920 1106 vortici
934 1039 975 1104 ad
988 1051 1106 1104 certam
1120 1042 1160 1105 ab
1174 1041 1270 1126 ipsius
1286 1051 1394 1106 centro
1409 1043 1527 1108 distan-

244 1150 319 1213 tiam
333 1149 497 1228 innataret,
520 1160 553 1213 et
566 1149 684 1214 intereo
708 1149 792 1213 circa
816 1169 908 1214 axem
933 1149 1132 1214 inclinatione
1154 1151 1261 1214 datum
1283 1151 1315 1214 vi
1333 1151 1437 1238 aliqui
1453 1176 1529 1217 con-

245 1270 363 1323 stanter
376 1258 601 1335 revolveretur3
615 1260 709 1344 hujus
722 1272 811 1324 motu
826 1272 987 1344 raperetur
1000 1259 1132 1324 fluidum
1147 1261 1180 1323 in
1191 1261 1357 1325 vorticem:
1373 1273 1405 1325 et
1419 1263 1526 1346 primo

244 1367 453 1434 revolveretur
473 1370 525 1434 hic
540 1357 651 1435 vortex
664 1359 764 1434 novus
778 1381 810 1434 et
824 1371 956 1457 exiguus
976 1367 1040 1434 uni
1060 1391 1131 1433 cunr
1157 1370 1253 1456 globo
1275 1371 1358 1434 circa
1382 1384 1526 1436 centrum

245 1475 382 1555 alterius,
398 1491 430 1544 et
446 1479 565 1544 interea
577 1479 670 1544 latius
685 1492 824 1564 serperet
837 1480 935 1565 ipsius
948 1491 1063 1558 motus,
1087 1492 1118 1543 et
1131 1477 1280 1564 paulatim
1294 1491 1529 1566 propagaretur

243 1583 276 1646 in
290 1583 459 1663 infinitum,
484 1585 525 1649 ad
548 1585 679 1650 modum
700 1586 827 1650 vorticis
845 1585 949 1669 primi.
994 1587 1038 1650 Et
1060 1584 1168 1650 eidem
1194 1586 1325 1664 ratione,
1349 1586 1410 1673 qui
1433 1587 1527 1672 h'ujirs

245 1689 358 1776 globus
372 1704 532 1776 raperetur
545 1704 633 1756 motu
646 1691 772 1755 vorticis
792 1689 930 1768 alterius,
957 1703 1119 1776 raperetur
1144 1693 1237 1756 etiam
1261 1692 1374 1778 globus
1397 1692 1527 1757 alterius

243 1809 331 1864 motu
344 1798 447 1884 hujus,
473 1799 518 1862 sic
531 1810 568 1863 ut
580 1798 667 1886 globi
681 1798 748 1863 duo
762 1797 847 1863 circa
865 1797 1087 1876 intermedium
1107 1797 1235 1883 aliquod
1253 1810 1406 1881 punctum
1420 1799 1524 1862 revol-

245 1917 399 1982 verentur,
415 1926 510 1991 seque
523 1917 634 1970 mutuo
648 1905 690 1968 ob
705 1916 826 1969 motum
840 1903 928 1967 illmn
943 1904 1126 1968 circularem
1140 1903 1294 1990 frigerent,
1317 1904 1378 1968 nisi
1391 1926 1450 1988 per
1462 1906 1527 1968 vim

143 2097 144 2100 Ἴ
244 2008 379 2095 aliquam
400 2010 539 2074 cohibiti.
583 2009 698 2075 Postea
710 2009 738 2073 si
752 2010 832 2074 vires
854 2021 1031 2074 constanter
1051 2009 1221 2093 impressae,
1248 2010 1360 2096 quibus
1384 2010 1471 2096 globi
1492 2012 1527 2076 in

243 2115 379 2180 motibus
393 2116 456 2180 suis
469 2128 677 2201 perseverant,
700 2126 864 2193 cessarent,
887 2127 918 2180 et
931 2114 1036 2180 omnia
1049 2114 1171 2202 legibus
1194 2114 1382 2182 mechanicis
1396 2119 1525 2203 permit-

243 2232 393 2300 terentur,
408 2223 622 2312 languesceret
635 2224 785 2310 paulatim
798 2236 902 2286 motus
916 2221 1083 2310 globorum
1109 2222 1164 2305 (ob
1186 2222 1339 2288 rationem
1359 2223 1393 2288 in
1416 2224 1526 2288 Corol.

244 2340 275 2395 3.
289 2343 323 2396 et
334 2342 365 2396 4.
381 2332 580 2420 assignatam)
596 2346 628 2397 et
641 2331 773 2396 vortices
787 2331 914 2396 tandem
929 2331 1191 2418 conquiescerent.

298 2441 437 2506 Coreto.
471 2443 506 2507 Si
529 2441 617 2529 globi
637 2441 742 2525 plum
764 2440 846 2505 datis
871 2440 905 2504 in
926 2440 1003 2506 locis
1023 2440 1141 2505 circum
1159 2433 1234 2506 axes
1257 2440 1411 2527 positione
1436 2441 1527 2505 datos

243 2543 335 2606 certis
343 2546 635 2611 cumvelocitatibus
644 2557 822 2611 constanter
830 2545 1071 2624 revolverentur,
1085 2547 1199 2611 fierent
1207 2548 1339 2612 vortices
1351 2547 1481 2612 totidem
1491 2548 1525 2610 in

243 2648 398 2714 infinitum
411 2664 584 2740 pergentes
630 2651 714 2716 Nam
728 2653 814 2738 globi
829 2652 942 2739 singuli
963 2652 1073 2718 eidem
1094 2653 1214 2718 ratione
1235 2651 1297 2739 quai
1312 2675 1394 2720 unus
1413 2653 1526 2739 aliquis

242 2769 363 2823 motum
387 2780 479 2823 suum
499 2759 712 2847 propagatio
724 2759 891 2838 infinitum,
917 2759 1136 2846 propagabant
1157 2757 1250 2825 etiam
1271 2771 1373 2823 motus
1396 2781 1468 2824 suos
1489 2759 1526 2823 in

242 2861 408 2942 infinitum,
431 2866 511 2929 adab
525 2878 561 2929 ut
573 2866 662 2930 fluidi
675 2865 789 2929 infiniti
803 2889 877 2950 pars
899 2888 1095 2952 unaquaeque
1110 2888 1148 2929 eo
1162 2866 1297 2952 agitetur
1310 2877 1400 2929 motu
1414 2867 1469 2953 qui
1483 2889 1527 2931 ex

194 3024 197 3027 .
242 2973 382 3036 omnium
405 2976 572 3061 globorum
594 2975 767 3040 actionibus
789 2976 928 3040 resultat.
974 2976 1071 3041 Unde
1093 2976 1225 3039 vortices
1248 2996 1314 3039 non
1337 2975 1528 3040 definientur

241 3083 334 3144 certis
347 3080 506 3162 limitibus,
530 3078 585 3148 'sed
598 3085 632 3149 in
647 3107 681 3149 se
696 3096 806 3147 mutuo
820 3084 972 3168 paulatim
986 3095 1154 3171 excurrant
1161 3106 1171 3157 ;
1193 3083 1342 3169 globique
1356 3106 1414 3168 per
1428 3085 1527 3148 actio-

241 3208 297 3250 nes
311 3189 462 3253 vorticum
476 3190 509 3253 in
524 3212 558 3255 se
568 3202 687 3267 mutue,
703 3203 858 3275 perpetuo
867 3189 1075 3254 movebuntur
1086 3187 1126 3251 de
1137 3188 1213 3251 locis
1223 3190 1296 3267 suis,
1312 3190 1358 3253 uti
1369 3192 1403 3252 in
1414 3191 1527 3253 Corol-

240 3290 320 3355 lario
334 3296 493 3377 superiore
513 3296 689 3378 expositum
704 3310 768 3372 est;
790 3318 893 3381 neque
908 3306 1024 3359 certam
1040 3294 1180 3379 quamvis
1191 3282 1320 3359 interse
1338 3290 1526 3380 positionem

120 3445 131 3463 .
242 3399 418 3479 servabunt,
434 3403 493 3465 nisi
507 3424 564 3486 per
577 3402 639 3465 vim
655 3402 790 3487 aliquam
806 3402 929 3466 retenti.
975 3400 1176 3465 Cessantibus
1198 3412 1301 3463 autem
1322 3402 1443 3464 viribus
1465 3402 1527 3465 illis

241 3508 358 3592 quaein
372 3508 484 3595 globos
498 3521 676 3572 constanter
689 3510 850 3592 impressae
864 3518 1049 3572 conservant
1069 3507 1167 3569 hosce
1186 3518 1298 3584 motus,
1326 3508 1457 3598 materia
1478 3508 1523 3571 ob

239 3612 393 3677 rationem
405 3613 440 3685 in
455 3612 629 3688 Corolledo
643 3614 735 3677 tertio
748 3628 781 3678 et
794 3626 907 3698 quarto
922 3612 1118 3699 assignatam,
1141 3612 1291 3696 paulatim
1306 3615 1479 3699 requiescet
1493 3628 1527 3678 et

238 3719 273 3781 in
286 3718 418 3783 vortices
432 3718 484 3805 agi
498 3717 626 3782 desinet.

284 3828 384 3893 Corol.
400 3834 430 3897 7.
463 3809 503 3893 Si
521 3827 653 3892 fluidum
674 3826 809 3891 similare
831 3828 992 3893 claudatur
1007 3828 1040 3890 in
1055 3850 1128 3893 vase
1143 3828 1306 3912 sphaerico,
1332 3850 1369 3893 ac
1382 3830 1469 3916 globi
1491 3831 1526 3893 in

238 3947 347 4001 centro
361 3948 555 4001 consistentls
575 3936 722 4001 uniformi
736 3938 890 4001 rotatione
905 3948 1014 4025 agatur
1028 3938 1062 4000 in
1076 3938 1234 4016 vorticem,
1251 3938 1363 4026 globus
1379 3950 1484 4001 autem
1493 3950 1528 4001 et

238 4067 292 4108 vas
306 4045 340 4107 in
361 4048 503 4111 eamdem
517 4060 639 4131 partem
659 4048 742 4111 circa
763 4033 856 4111 axein
877 4046 1011 4111 eundem
1032 4047 1240 4124 revolvantur,
1265 4048 1387 4131 sintque
1413 4068 1526 4109 eorum

237 4158 379 4235 tempora
392 4154 553 4238 periodica
566 4165 603 4217 ut
617 4153 768 4238 quadrata
783 4152 1117 4218 semi-diametrorum:
1134 4166 1238 4238 partes
1252 4154 1341 4217 fluidi
1356 4176 1420 4217 non
1433 4154 1525 4237 prius

236 4263 479 4341 perseverabunt
502 4264 537 4326 in
559 4263 695 4328 motibus
717 4264 781 4327 suis
805 4264 871 4327 sine
892 4263 1115 4328 acceleratione
1135 4276 1167 4327 et
1185 4263 1403 4341 retardatione,
1427 4263 1524 4349 quim

238 4364 301 4427 sint
314 4388 424 4431 eorum
439 4368 582 4453 tempora
602 4369 762 4453 periodica
777 4382 813 4433 ut
827 4370 979 4456 quadrata
1000 4368 1216 4433 distantiarum
1231 4393 1251 4433 a
1265 4383 1372 4435 centro
1386 4371 1524 4437 vorticis.

239 4475 278 4557 (³)
294 4475 368 4539 Alia
383 4478 469 4541 nulla
483 4477 609 4541 vorticis
625 4478 803 4543 constitutio
817 4489 920 4562 potest
935 4502 1003 4543 esse
1016 4501 1211 4563 permanens.
1230 4570 1236 4581 x

269 4645 305 4710 (⁸)
317 4649 332 4677 ⁴
345 4649 399 4694 Alio
410 4649 477 4695 aa&
487 4651 577 4697 conieci
592 4652 722 4698 murtitutie
735 4658 865 4710 potestesse
898 4648 990 4697 vorticis
997 4648 1138 4705 constitutio,
1155 4657 1182 4696 ut
1192 4664 1245 4711 pars
1254 4650 1363 4711 quaelibet
1373 4650 1440 4697 fluidi
1451 4651 1525 4711 possit

233 4726 382 4775 mannent·
418 4711 482 4758 Nam
494 4716 534 4774 (ex
545 4713 687 4777 demonstr.)
699 4729 728 4761 ea
737 4713 866 4761 debetesre
896 4712 923 4760 in
933 4728 977 4762 suo
986 4720 1053 4761 motu
1059 4713 1205 4763 obdormitet
1210 4730 1360 4776 perseverare,
1373 4724 1396 4761 et
1406 4724 1434 4763 ut
1441 4716 1525 4763 attritu
