3275 5650
114 390 232 457 Lrnnn
246 392 411 473 Securo]
444 392 685 461 PRINCIPIA
707 396 1076 466 MATHEMATICA.
1339 412 1402 474 267

112 564 243 642 oanelis,
260 565 389 629 hicnon
403 566 577 631 considero.
600 567 777 657 Designent
791 570 887 656 igitur
896 572 927 635 A
937 572 976 647 B,
990 572 1062 637 CD
1071 573 1259 639 mediocrem
1266 575 1402 640 altitudi·
1421 556 1425 562 ¹

111 691 189 735 nem
200 694 291 758 aquae
300 674 333 734 iu
345 694 435 735 crure
445 684 596 758 utroque3
612 686 643 739 et
658 675 713 741 ubi
727 698 807 759 equa
820 677 853 739 in
864 698 954 741 crure
970 677 1003 739 K
1015 678 1044 741 L
1059 678 1198 744 ascendit
1211 680 1253 743 ed
1266 681 1401 755 altitudi-

110 800 188 841 nem
201 774 276 855 EF,
287 778 482 843 descenderit
493 801 574 864 aqua
583 780 616 843 in
627 802 717 845 crure
731 781 770 848 M
781 782 813 845 N
822 782 862 845 ud
872 782 1066 847 altitudinem
1079 785 1111 849 G
1123 784 1170 849 H.
1202 786 1250 850 Sit
1260 799 1362 850 autem
1373 789 1401 851 P

110 908 228 969 corpus
243 886 425 968 pendulum,
443 887 474 949 V
487 887 514 949 P
528 886 625 964 filum,
649 888 679 951 V
693 900 844 970 punctum
861 889 1081 971 suspensionis,
1106 891 1138 968 R
1155 891 1183 953 P
1197 891 1230 967 Q
1247 894 1270 956 S
1285 893 1400 977 cyclois

108 1014 208 1077 quam
222 991 393 1074 pendulum
409 992 573 1069 describat,
593 992 700 1077 Pejus
714 1005 865 1076 puuctum
879 995 1033 1071 infimum,
1051 996 1078 1059 P
1094 996 1230 1071 Qarcus
1244 998 1400 1063 altitudini
1496 1001 1498 1004 ·
1551 1016 1563 1030 κ

108 1101 142 1164 Α
161 1100 192 1163 Ε
206 1099 343 1184 aequalis.
388 1099 454 1175 Vis,
478 1098 539 1184 qud
554 1113 656 1163 motus
671 1120 761 1185 aquae
775 1100 904 1164 alteruis
918 1101 1036 1166 vicibus
1051 1103 1242 1178 acceleratur
1256 1117 1287 1167 et
1301 1119 1398 1180 retar-

106 1207 214 1285 datur,
238 1217 285 1269 est
300 1227 444 1269 excessus
459 1205 606 1288 ponderis
622 1226 711 1291 equae
725 1206 759 1267 in
774 1192 923 1269 alterutro
937 1228 1028 1270 crure
1043 1229 1139 1291 supra
1150 1193 1276 1291 pondus
1296 1210 1330 1272 in
1351 1212 1397 1274 al·

104 1331 189 1396 tero,
205 1317 348 1403 ideoque,
372 1317 428 1381 ubi
440 1339 521 1402 eque
535 1318 568 1379 in
583 1338 673 1381 crure
691 1316 722 1385 K
738 1316 769 1381 L
783 1316 921 1381 escendit
935 1316 977 1380 ed
993 1316 1023 1380 Ε
1040 1317 1076 1394 F,
1100 1330 1132 1381 et
1146 1318 1177 1381 iu
1194 1340 1285 1383 crure
1299 1320 1397 1383 altero

101 2537 263 2621 descendit
277 2538 318 2601 ad
334 2539 366 2605 G
382 2538 431 2615 H,
455 2538 488 2623 (¹)
502 2496 550 2604 ris
564 2540 618 2603 illa
632 2552 678 2604 ost
693 2541 816 2625 pondus
839 2539 1031 2625 duplicatum
1052 2563 1142 2626 equae
1159 2543 1189 2605 E
1204 2544 1235 2607 A
1253 2544 1282 2606 Β
1299 2542 1336 2619 F,
1353 2552 1394 2605 ,et

100 2659 267 2731 propterea
281 2660 328 2710 est
342 2647 382 2710 ad
397 2648 520 2731 pondus
536 2672 625 2735 aquae
640 2650 734 2714 totius
749 2663 783 2714 ut
798 2650 872 2715 ΑΕ
886 2673 941 2714 seu
957 2651 1027 2727 PQ
1042 2650 1080 2735 (¹)
1097 2652 1138 2714 ad
1153 2652 1184 2714 V
1196 2651 1224 2715 P
1239 2650 1334 2714 seuP
1351 2650 1392 2713 R.

101 2756 158 2819 Vis
181 2757 283 2834 etiarn,
310 2757 370 2844 qui
392 2758 515 2842 pondus
539 2759 620 2824 Pin
642 2760 713 2824 loco
735 2761 843 2847 quovis
859 2760 892 2837 Q
906 2760 1097 2824 acceleratur
1111 2772 1144 2825 et
1157 2758 1336 2825 retardatur
1358 2757 1393 2819 in

100 2861 242 2948 cycloide
258 2869 328 2947 (per
345 2861 453 2928 Corol.
471 2864 566 2948 Prop.
582 2865 654 2946 LI.)
670 2879 718 2930 est
732 2866 772 2929 ad
788 2868 854 2951 ejus
868 2867 992 2950 pondus
1006 2878 1117 2944 totum,
1141 2880 1177 2930 ut
1191 2869 1257 2951 ejus
1272 2865 1392 2929 disten·

99 2970 142 3034 tia
158 2970 187 3033 P
203 2970 236 3046 Q
251 2992 269 3032 a
283 2970 353 3033 loco
368 2969 476 3033 infimo
492 2970 529 3049 P,
546 2972 587 3034 ad
601 2971 749 3056 cycloidis
764 2972 990 3065 longitudinem
1007 2974 1035 3036 P
1051 2974 1091 3036 R.
1138 2973 1246 3048 Quare
1256 2993 1347 3056 aquae
1358 2983 1391 3034 et

100 3079 242 3162 penduli,
267 3080 399 3164 aequalie
420 3080 519 3163 spatia
533 3081 565 3144 A
580 3081 619 3156 E,
638 3081 665 3143 P
682 3081 715 3157 Q
730 3081 981 3160 describentium,
1006 3081 1086 3144 vires
1101 3081 1245 3144 motrices
1261 3091 1334 3142 sunt
1355 3091 1391 3141 ut
1412 3165 1415 3170 .
1492 3090 1495 3105 ¹

99 3188 245 3270 pondera¹
255 3190 426 3264 morenda3
443 3189 475 3274 (¹)
491 3189 634 3276 ideoque,
650 3191 676 3254 si
691 3212 771 3276 aqua
782 3201 813 3253 et
823 3190 997 3274 pendulum
1007 3189 1203 3272 inprincipio
1214 3189 1389 3274 quiescunt,

100 3298 183 3362 vires
198 3298 261 3362 illae
276 3299 446 3364 movebunt
464 3298 574 3363 eadem
594 3289 754 3385 aequnliter
776 3297 967 3381 temporibus
989 3297 1171 3383 aequalibus,
1196 3297 1390 3382 efficientque

99 3417 135 3468 ut
149 3417 238 3468 motu
252 3405 414 3488 reciproco
429 3405 521 3468 simul
535 3417 607 3468 eant
621 3416 652 3468 et
666 3405 804 3468 redeant.
851 3403 893 3479 Q.
909 3426 936 3466 e.
952 3402 984 3467 d.

147 3512 246 3574 Θυνοί.
266 3519 294 3572 1.
318 3510 419 3596 Igitur
434 3533 523 3596 aquoe
538 3510 732 3574 ascendentis
747 3521 778 3574 et
792 3508 1020 3586 descendentis,
1043 3509 1107 3576 sive
1121 3522 1225 3573 motus
1238 3509 1389 3574 intensior

99 3616 138 3680 sit
152 3616 217 3679 sive
232 3615 398 3692 remissior,
415 3616 497 3679 vices
514 3638 621 3681 omnes
637 3629 709 3680 sunt
722 3615 907 3680 isochronae.

132 3727 242 3790 'Corol
259 3733 289 3789 2.
313 3726 347 3792 Si
361 3725 524 3812 longitudo
538 3747 628 3812 aquae
642 3725 736 3790 totius
751 3725 784 3788 in
799 3725 900 3788 canali
913 3726 954 3788 sit
968 3724 1084 3808 pedum
1108 3722 1319 3787 Parisiensum
1334 3725 1385 3802 δὲ.

103 3962 109 3968 ·
130 3936 161 4002 (¹)
175 3941 187 3969 ¹
206 3939 242 3986 Vn
253 3941 292 3986 illo
304 3947 337 3988 est
345 3941 435 4000 pondus
445 3939 599 4001 duplicatum,
610 3935 653 3986 doc.
684 3935 730 3985 Est
761 3935 819 3984 etin
830 3932 933 3997 cycloide
943 3942 1065 3997 aquantur
1080 3931 1211 3993 respectivd.
1247 3932 1292 3980 Sed
1308 3935 1385 3980 obser·

99 4001 161 4047 enim
174 4001 208 4048 vis
219 4001 260 4048 illo
270 4003 361 4062 pondus
371 4013 420 4050 turn
431 4017 498 4066 oquae
510 4003 534 4050 Ε
548 4003 572 4049 Α
585 4002 607 4050 Β
618 3999 646 4058 F,
658 4015 729 4064 quem
761 3999 863 4046 rendum
875 4008 910 4046 est
918 3997 1062 4058 superficiem
1076 3999 1100 4044 A
1111 3999 1142 4053 B,
1153 3996 1288 4053 esselocum
1296 3995 1386 4058 equili-

102 4079 168 4126 nquoe
180 4066 276 4127 equalis
290 4067 310 4114 C
325 4067 347 4113 G
361 4066 388 4112 H
403 4067 434 4112 D.
760 4063 812 4120 bril,
825 4062 856 4110 ed
866 4077 936 4124 quem
947 4078 1001 4110 eum
1012 4077 1072 4124 eque
1081 4061 1191 4124 pervenit,
1209 4059 1275 4106 nulli
1285 4060 1386 4120 emplius

132 4127 167 4190 (¹)
181 4131 198 4170 ⁸.
207 4131 247 4175 Ad
264 4132 285 4175 V
294 4133 317 4178 P
327 4146 367 4178 reu
379 4133 402 4176 P
413 4133 444 4176 R.
482 4127 640 4190 Semi-cyclois
658 4127 725 4184 PR,
759 4127 782 4174 vi
799 4125 957 4174 acceleratrioe
975 4134 1078 4188 urgetur,
1098 4124 1139 4171 sed
1157 4123 1277 4170 velocitate
1292 4134 1385 4170 tantum

100 4191 194 4252 equalis
204 4201 239 4239 est
249 4192 390 4256 longitudini
401 4192 507 4253 penduli,
520 4196 573 4258 (per
586 4193 639 4240 Cor.
653 4191 723 4252 Prop.
758 4188 871 4252 eequisiul
885 4189 983 4236 ulterius
998 4187 1116 4236 deseendit
1131 4186 1167 4234 vei
1183 4187 1300 4244 aseendit3
1316 4187 1385 4234 sicuti

100 4254 130 4302 1..
145 4255 197 4305 Lib
213 4255 257 4316 L).
760 4269 844 4313 corpus
859 4252 989 4312 pendulum
1002 4253 1023 4300 P
1034 4252 1091 4299 dum
1106 4251 1210 4310 pervenit
1219 4251 1244 4296 in
1255 4250 1334 4297 locum
1345 4267 1385 4312 cy·

132 4317 160 4380 (¹)
173 4325 227 4366 313.
248 4319 381 4382 Uarique,
393 4322 484 4382 riaqoo
498 4329 519 4368 et
527 4321 665 4381 paulum,
683 4319 725 4366 &c-
760 4317 841 4366 oloidis
850 4316 959 4363 infimum
971 4317 993 4364 P
1008 4315 1057 4363 soli
1072 4315 1192 4375 velocitate
1207 4314 1318 4376 eoquisitd
1333 4331 1384 4362 mo·

101 4380 131 4428 Id
147 4382 347 4430 evidentissimum
363 4383 391 4430 lit
409 4382 428 4428 si
445 4383 537 4443 pondus
555 4384 576 4430 P
591 4381 662 4444 quod,
678 4397 728 4428 me-
760 4391 833 4428 vetur.
847 4406 849 4409 ·
875 4379 946 4428 Unde
966 4395 1015 4442 quo
1037 4388 1140 4438 tempore
1162 4392 1224 4440 oque
1247 4379 1383 4426 descensum

99 4455 168 4492 neme
184 4445 334 4493 oscillationis
345 4445 417 4492 unius
426 4455 531 4505 tempore
541 4455 615 4506 potest
626 4445 657 4492 ad
667 4444 727 4492 arbi·
761 4459 837 4492 unum
852 4443 950 4491 absolvit
959 4443 984 4488 in
995 4458 1062 4490 mure
1071 4441 1182 4489 alterutro
1191 4443 1284 4499 nauelis,
1301 4443 1383 4490 eodem
1467 4462 1472 4468 ·

99 4509 168 4554 trium
191 4509 286 4566 assumi,
310 4509 414 4569 cupiatur
434 4510 524 4570 equale
544 4508 641 4568 ponderi
660 4523 727 4570 eque
744 4517 863 4568 ¹tempore
876 4506 1007 4567 pendulum
1016 4505 1183 4554 oscillationem
1198 4522 1271 4554 unum
1286 4522 1315 4554 ex
1331 4505 1382 4552 des-

87 4571 90 4578 '
101 4564 169 4618 totius
180 4571 205 4618 in
218 4571 308 4630 canali5
320 4572 370 4620 uim
382 4573 512 4620 enimvires
522 4574 636 4630 mettioeo,
646 4587 728 4619 masse
759 4586 830 4619 censu
841 4580 865 4618 et
875 4585 971 4618 moensu
982 4569 1132 4630 oompositam
1143 4570 1239 4629 perficit,
1255 4569 1314 4617 dues
1328 4567 1383 4615 verb

101 4636 226 4692 morendae,
239 4645 263 4683 et
273 4636 345 4696 spatia
355 4636 511 4692 describenda,
523 4635 621 4698 idebque
632 4645 655 4684 et
666 4645 725 4682 tern-
757 4634 910 4682 oscillationes
925 4632 1022 4681 absolvit
1036 4633 1182 4682 intereundum
1197 4650 1257 4698 equs
1266 4649 1280 4680 e
1290 4633 1341 4680 ioco
1358 4633 1381 4679 Ε

98 4713 150 4758 porr
167 4700 253 4762 quibus
277 4699 350 4761 spatia
365 4699 406 4748 ille
424 4699 591 4756 deseribuntur,
609 4698 634 4746 in
650 4698 725 4748 oenoli
739 4719 745 4726 ·
757 4697 910 4748 descendite
919 4697 948 4746 ed
959 4696 1061 4746 eundem
1071 4697 1140 4748 rodit.
