3275 5650
99 468 212 536 Linea
230 466 394 549 Secura]
425 466 665 536 PRINCIPIA
690 468 1062 567 MrtTHEMATIOA.
1309 477 1382 536 ‘253

99 653 193 706 aucta
213 638 439 727 nonnunquam
460 641 589 705 dimidio
610 642 721 707 minuti
740 642 833 706 unius
855 642 992 719 secundi,
1013 662 1239 727 nonnunquam
1259 642 1382 707 minuto

99 749 240 815 secundo
262 762 339 815 toto.
386 749 549 815 cadebant
571 764 674 815 autem
695 752 810 815 rectius
831 752 934 815 vesica
955 750 1093 814 secunda
1106 763 1138 814 et
1152 764 1263 835 quarta
1280 750 1382 835 primi

98 857 184 931 vice3
199 868 232 919 et
245 857 349 940 prima
362 878 398 920 ac
412 856 504 921 tertia
517 856 653 921 secundi
667 856 745 921 vice.
789 857 903 921 Vesica
924 857 1033 942 quinta
1052 878 1168 943 rugosa
1187 868 1254 920 erat
1275 868 1307 921 et
1326 879 1384 941 per

98 960 194 1053 rugas
217 988 289 1029 suas
310 964 453 1029 nonnihil
468 966 692 1030 retardabatur.
736 965 916 1031 Diametros
938 965 1108 1029 vesicarum
1129 963 1322 1029 deducebam
1342 988 1384 1030 ex

96 1094 208 1137 earum
240 1070 493 1137 circtmrferentiis
525 1072 580 1137 iilo
607 1072 789 1137 tenuissimo
816 1072 867 1135 bis
895 1069 1075 1135 circundato
1103 1070 1296 1134 mensuratis.
1341 1072 1384 1136 Et

95 1176 253 1243 theoriam
267 1178 385 1242 contuli
400 1200 471 1242 cum
485 1178 705 1262 experimentis
720 1178 752 1243 in
768 1176 873 1243 tabult
888 1190 1045 1263 sequente,
1069 1175 1256 1240 assumendo
1279 1176 1382 1241 densi.

96 1298 194 1351 tatem
209 1287 289 1348 sitris
304 1308 371 1350 esse
386 1286 427 1350 ad
440 1286 626 1351 densitatem
640 1308 729 1372 aquae
743 1286 886 1370 pluvialis
900 1299 937 1349 ut
953 1296 968 1349 l
986 1286 1027 1349 ad
1042 1291 1115 1362 860,
1131 1281 1381 1370 etoomputando

78 1468 81 1479 ,
97 1391 200 1476 spatia
214 1414 286 1477 quae
299 1392 385 1478 globi
399 1414 456 1476 per
469 1391 622 1458 theoriam
638 1390 677 1476 (¹²)
691 1391 868 1455 describere
882 1392 1057 1455 debuerunt
1071 1391 1221 1456 cadendo.

108 1638 277 1703 Vesicmm
298 1641 424 1703 Dime-
448 1599 593 1699 timpora
615 1599 723 1696 eaden·
747 1598 855 1696 Spatia
872 1599 975 1661 iisdem
986 1608 1061 1698 tem·
1134 1598 1320 1696 Differentiae

108 1728 259 1809 pondera·
333 1730 385 1789 m..
442 1687 473 1746 dt
499 1686 538 1745 ab
560 1686 723 1746 altztudme
740 1684 868 1764 parthus
896 1684 1060 1785 describen-
1133 1692 1214 1745 mter
1228 1685 1321 1805 thpmt

111 1824 118 1831 .
465 1773 548 1833 edum
563 1775 637 1836 272.
750 1771 790 1831 da
799 1791 860 1850 per
874 1772 1027 1832 theonam.
1130 1778 1160 1832 et
1176 1791 1275 1850 caper.

552 1910 611 1972 19“

535 2175 588 2230 22

137 2460 316 2527 Globorum
337 2461 433 2547 igitur
447 2473 511 2527 tam
525 2463 558 2525 in
572 2466 644 2527 aiire
659 2461 751 2547 quam
767 2462 799 2523 in
814 2460 893 2546 aquai
908 2473 1065 2524 motorum
1086 2463 1259 2529 resistentia
1277 2486 1377 2549 prope

91 2570 193 2633 omnis
208 2594 265 2657 per
280 2571 433 2637 theoriam
446 2584 585 2638 nostram
599 2586 683 2639 recte
697 2572 872 2649 exhibetur,
889 2591 925 2634 ac
939 2570 1084 2634 densitati
1097 2572 1277 2650 fluidorum,
1292 2574 1377 2656 pari·

90 2678 149 2741 bus
165 2680 333 2765 globorum
348 2681 560 2746 velocitatibus
576 2706 612 2745 ac
624 2679 898 2769 magnitudinibus,
913 2678 1152 2763 proportionalis
1167 2690 1222 2743 est.

137 2785 178 2854 In
192 2786 322 2866 scholio,
339 2789 423 2874 quod
441 2790 522 2854 Sect.
535 2789 593 2854 VI.
606 2790 803 2876 subjunctum
817 2798 874 2865 est,
891 2786 1081 2852 ostendimus
1091 2808 1148 2870 per
1163 2785 1375 2872 experimenta

88 2894 297 2978 penduiorum
321 2897 406 2982 quod
420 2898 586 2984 globorum
600 2899 766 2986 aequalium
780 2909 812 2962 et
825 2891 1060 2984 aequivelocium
1076 2897 1109 2960 in
1122 2900 1205 2976 ae‘re,
1228 2897 1319 2984 aqui,
1342 2911 1374 2964 et

88 3017 222 3088 argento
235 3003 306 3065 vivo
320 3017 477 3069 motorum
492 3007 673 3070 resistentiae
688 3018 760 3070 sunt
774 3019 809 3068 ut
823 3005 990 3068 fluidomm
1011 3004 1186 3069 densitates.
1232 3004 1265 3090 (¹)
1281 3006 1372 3069 Idetn

88 3107 141 3171 hic
156 3109 348 3172 ostendimus
371 3111 469 3198 magis
491 3112 634 3177 accurate
648 3134 705 3197 per
720 3113 932 3195 experimenta
952 3131 1118 3195 corporum
1141 3110 1317 3176 cadentium
1337 3113 1372 3176 in

88 3217 161 3279 edre
177 3228 208 3278 et
223 3215 312 3302 aqud.
358 3216 441 3282 Nam
455 3220 591 3303 pendula
606 3219 735 3306 singuiis
751 3218 995 3282 oscillationibus
1009 3230 1128 3282 motum
1139 3219 1222 3284 cient
1232 3221 1370 3285 influido

88 3321 190 3384 motui
204 3322 333 3405 penduli
351 3324 509 3388 redeuntis
531 3347 653 3409 semper
674 3325 873 3401 contrarium,
898 3336 929 3387 et
947 3324 1119 3388 resistentia
1138 3327 1179 3389 ab
1199 3328 1261 3391 hoc
1281 3341 1370 3392 motu

87 3415 232 3506 oriunda,
256 3441 292 3492 ut
313 3440 344 3494 et
365 3432 538 3498 resistentia
550 3430 597 3495 fili
616 3455 679 3518 quo
698 3431 871 3515 pendulum
893 3431 1149 3514 suspendebatur,
1174 3446 1271 3498 totam
1291 3457 1369 3520 pen-

86 3535 155 3599 duli
170 3538 375 3604 resistentiam
389 3523 537 3626 majorem
557 3542 760 3608 reddiderunt
774 3540 867 3628 quim
881 3543 1054 3607 resistentia
1076 3566 1146 3629 quae
1166 3567 1225 3629 per
1246 3547 1368 3630 experi-

85 3657 193 3707 menta
207 3668 373 3730 corporum
387 3649 563 3715 cadentium
584 3649 709 3735 prodiit.
755 3649 881 3714 Etenim
902 3670 960 3734 per
982 3651 1194 3734 experimenta
1214 3650 1369 3735 pendulo·⁵

119 3842 157 3905 (ἢ)
168 3846 182 3874 ·
194 3846 329 3894 Descrrbere
339 3849 468 3900 detererent
478 3851 586 3898 aemam.
622 3849 711 3897 Exem-
742 3847 884 3895 velocitatem
897 3847 1023 3894 maximam
1033 3848 1131 3910 acquirit
1138 3863 1193 3896 cum
1203 3848 1251 3911 qud
1260 3850 1332 3910 possit
1341 3851 1367 3898 in

86 3905 120 3966 pii
132 3906 202 3954 causi
213 3909 331 3958 calculum
341 3913 482 3960 tentabimus
496 3913 645 3973 experimenti
655 3928 711 3960 cum
742 3913 794 3958 aire
804 3910 950 3958 descendere.
987 3909 1043 3958 Htc
1053 3912 1172 3960 velocitate
1183 3914 1257 3960 vesica
1263 3926 1366 3974 tempore

85 3971 154 4017 tertia
165 3970 241 4018 vesica
251 3973 313 4020 facti.
349 3975 430 4037 Hujus
440 3977 521 4024 vesicae
536 3977 648 4024 diameter
662 3985 712 4024 erat
742 3975 887 4022 minutorum
903 3974 1057 4021 secundorum
1076 3976 1123 4039 18}
1138 3976 1251 4024 describet
1266 3977 1365 4037 spatium

85 4039 129 4082 5.8
137 4034 391 4098 digitorumetpondus
399 4040 424 4085 in
432 4042 483 4088 a'ere
491 4055 615 4104 granorum
624 4044 676 4096 187,
685 4045 708 4089 5.
743 4043 789 4087 att
800 4037 852 4099 ped·
866 4049 890 4086 et
901 4045 923 4085 8.
936 4037 1002 4101 digit.
1020 4039 1115 4088 circiter.
1151 4040 1300 4088 Subducatur
1314 4057 1366 4101 spa·

88 4098 182 4145 Globus
196 4099 255 4146 aeris
271 4101 384 4152 diametro
395 4103 521 4166 digitorum
532 4111 573 4153 53
584 4104 711 4163 descriptus
742 4103 801 4150 tium
815 4109 836 4158 1,
845 4108 908 4151 8863
921 4102 942 4150 F
951 4117 993 4150 eeu
1004 4107 1027 4152 5.
1038 4104 1090 4164 ped.
1103 4114 1127 4152 et
1138 4110 1152 4152 8
1164 4104 1238 4167 digit..
1251 4115 1275 4152 et
1284 4119 1365 4152 mane·

85 4161 190 4212 coornet
201 4169 232 4210 23
243 4179 316 4226 grana
326 4181 395 4228 quarn
411 4168 530 4229 proxime3
548 4168 613 4217 unde
630 4167 711 4216 vesica
741 4169 801 4215 bunt
812 4170 859 4214 ets
869 4166 955 4227 pedem
970 4165 1025 4214 crim
1035 4167 1060 4213 in
1070 4168 1149 4216 tabula
1164 4168 1304 4218 accuratiore
1318 4170 1365 4216 cal.

84 4224 180 4287 pondus
193 4227 219 4274 in
235 4242 309 4278 vacuo
323 4241 372 4278 mat
387 4247 452 4294 gran.
468 4237 551 4290 1⁶0,5‚
562 4242 586 4281 et
595 4244 623 4281 ut
634 4238 664 4280 28
680 4231 710 4280 ed
741 4231 796 4278 culo
802 4230 906 4278 contecta
914 4231 1013 4291 spatium
1021 4247 1063 4291 per
1070 4232 1180 4279 theoriam
1189 4232 1365 4281 describendum

86 4295 142 4346 160,
153 4295 167 4338 5
178 4290 211 4338 ita
221 4301 276 4338 sunt
286 4303 339 4342 octo
348 4296 503 4356 tertitepartes
514 4297 619 4345 diametri
629 4296 710 4344 vesicae
741 4294 771 4341 sit
788 4299 835 4343 679
854 4295 906 4355 ped.
919 4305 944 4342 et
959 4299 974 4343 t
989 4294 1066 4358 dign,
1084 4307 1109 4343 et
1122 4297 1148 4343 in
1162 4297 1320 4357 experimento
1334 4297 1365 4346 sit

83 4368 208 4431 eudigm
221 4356 710 4437 rffimtaaumanquoerapmm
741 4357 850 4418 mre<i

84 4432 153 4496 digit
172 4439 210 4490 98,
221 4441 274 4482 666.
310 4436 395 4484 Vesica
411 4436 515 4485 cadendo
531 4440 556 4484 in
571 4453 644 4486 vacuo
659 4447 709 4486 toto
775 4455 806 4519 (t)
819 4459 833 4488 ο
845 4458 909 4505 Mem
919 4459 956 4506 pp,
966 4461 1113 4515 mmmm,
1125 4459 1167 4508 ἃς,
1202 4460 1265 4510 Nm,
1276 4461 1365 4510 ,hemia

84 4511 129 4544 ⁸¹¹⁰
139 4497 242 4557 7)(ἠᾶΗΘ
255 4503 307 4556 ¹⁶⁰2
316 4503 332 4547 ⁵
342 4515 409 4564 &¹⁸¹¹-
421 4510 524 4561 i‘¹¹²1‘ore
538 4501 623 4550 minuti
639 4503 710 4550 ”⁰5⁰⁸
742 4519 906 4582 experimentis
911 4520 1052 4579 confirmata,
1064 4523 1102 4568 cui
1110 4524 1238 4583 superiores
1244 4535 1364 4585 compute·

84 4576 182 4624 ”eundi
192 4577 299 4626 describit
310 4578 395 4641 digitos
408 4567 480 4643 1983,
492 4581 625 4641 etpondere
636 4585 710 4638 137,5
742 4584 817 4630 tiones
837 4584 951 4642 nituntur,
972 4587 1082 4645 supponit
1097 4587 1255 4644 resistentiam,
1276 4589 1364 4636 ceteris

169 4641 278 4690 describit
294 4642 378 4706 digitos
396 4648 449 4700 165,
459 4650 513 4702 628,
526 4654 549 4691 et
559 4644 641 4691 eodem
651 4661 710 4706 pon·
741 4647 842 4706 paribus,
854 4664 904 4696 esse
913 4649 938 4694 in
948 4649 1036 4695 ratione
1046 4652 1172 4711 composita
1182 4669 1209 4699 ex
1221 4654 1309 4701 ratione
1319 4651 1363 4697 du-

100 4721 139 4752 ere
152 4710 206 4761 137,
216 4711 230 4753 5
241 4721 307 4768 gran.
321 4706 390 4754 etiam
407 4707 431 4754 in
447 4722 521 4756 vacuo
537 4708 644 4756 describit
658 4725 711 4769 spa·
741 4709 827 4770 plicata
837 4711 962 4760 velocitatis
971 4713 1064 4761 mobilis
1072 4724 1097 4764 et
1106 4717 1195 4766 radone
1200 4716 1299 4777 simplici
1305 4715 1362 4764 dau-

83 4769 143 4817 tium
158 4769 178 4818 F
189 4770 316 4833 digitorum
334 4776 373 4829 ⁴9,
383 4777 430 4820 813
446 4783 554 4820 temnere
563 4772 598 4817 0¹¹.
610 4777 671 4821 5456
686 4782 711 4820 et
742 4775 814 4822 sitatis
825 4774 898 4832 fluidi.
