3275 5650
238 422 301 480 sss
544 412 898 479 -rrrrtosorrflm
920 395 1189 476 saranatis
1240 405 1508 487 [noscam.

739 825 921 943 suerro
947 824 1014 897 rx.

594 1036 653 1107 De
669 1042 761 1107 motu
775 1027 1151 1124 circularifluidorum.‘

718 1312 1029 1379 HYPOTHESIS.

236 1514 458 1588 Resistentiatn,
486 1532 552 1596 quat
576 1512 674 1573 oritur
701 1532 738 1572 en
763 1509 876 1593 defectu
898 1506 1078 1569 lubricitatis
1100 1502 1237 1585 partium
1253 1499 1364 1585 fluidi,
1396 1477 1513 1561 ceteris

272 1622 411 1709 paribus,
435 1620 693 1701 proportionalem
721 1640 781 1683 esse
809 1616 969 1693 velocitati,
1000 1612 1060 1698 qud
1081 1623 1189 1696 partes
1204 1611 1306 1698 fluidi
1332 1617 1513 1691 separantur

279 1729 316 1811 (θ)
334 1728 372 1791 at
387 1728 519 1791 inuicem.

436 1974 718 2039 PROPOSITIO
740 1973 798 2039 L1.
843 1970 1114 2037 THEOREMA
1136 1970 1309 2033 XXXIX.

235 2174 270 2239 Si
284 2174 435 2257 cylindrus
456 2172 566 2233 solidus
581 2166 698 2250 irpinite*
718 2168 822 2249 longus
836 2168 869 2227 in
878 2165 984 2251 fluido
997 2164 1141 2247 uniformi
1154 2174 1183 2226 et
1197 2164 1317 2244 irpinito
1331 2163 1412 2224 circa
1427 2182 1513 2223 auem

272 2280 424 2362 positione
446 2281 547 2339 datum
567 2276 712 2358 unifttrrni
733 2296 795 2337 curn
817 2284 897 2337 motu
909 2276 1088 2348 revolvatur,
1111 2284 1140 2335 et
1153 2274 1193 2336 ab
1206 2272 1292 2355 leupus
1307 2273 1432 2352 impulsu
1451 2270 1514 2331 solo

277 2384 527 2469 agaturfluidum
542 2383 576 2443 in
590 2381 696 2457 orbern,
714 2390 882 2462 perseveret
895 2391 992 2443 autem
998 2382 1102 2465 fluidi
1109 2402 1187 2461 pars
1200 2400 1384 2461 unaquaque
1397 2377 1513 2459 unp'or·

278 2491 367 2553 miter
382 2490 415 2551 iu
430 2497 509 2549 motu
523 2508 574 2549 stro
583 2520 596 2557 ‚·
620 2487 686 2549 dico
701 2488 780 2569 quod
800 2496 934 2567 tempora
948 2487 1109 2567 periodica
1125 2487 1262 2565 partium
1272 2485 1373 2569 fluidi
1392 2492 1461 2545 sunt
1480 2491 1515 2544 ut

278 2597 409 2675 ipsarum
424 2594 578 2655 distantia
592 2592 630 2653 ab
645 2614 702 2653 ane
716 2593 855 2675 cylindri.

280 2786 327 2850 Sit
345 2784 374 2850 A
391 2786 418 2850 F
433 2785 462 2849 L
478 2784 635 2870 cylindrus
654 2783 849 2878 uniformiter
864 2782 946 2846 circa
967 2803 1059 2846 axem
1074 2783 1097 2846 S
1110 2782 1144 2845 in
1165 2782 1274 2846 orbem
1288 2791 1384 2857 actus,
1407 2791 1439 2844 et
1454 2780 1513 2850 cir·

235 2895 312 2958 culis
338 2895 539 2958 concentricis
563 2895 592 2958 B
610 2894 642 2958 G
658 2893 707 2971 M,
733 2894 760 2956 C
778 2894 815 2956 H
830 2893 873 2969 N,
896 2893 963 2956 DI
985 2892 1027 2968 O,
1051 2892 1081 2956 Ε
1104 2893 1137 2956 Κ
1159 2893 1197 2969 Ρ,
1224 2893 1281 2954 &a
1307 2891 1514 2976 distinguatur

234 3001 364 3064 fluidum
379 3001 413 3063 in
428 3001 518 3064 orbes
534 3000 718 3085 cylindricos
733 3001 911 3063 innumeros
925 2999 1137 3062 concentricos
1152 2999 1267 3063 solidos
1278 2999 1416 3083 ejusdem
1430 3020 1513 3060 cras·

235 3106 387 3171 situdinis.
433 3105 476 3170 Et
497 3105 643 3190 quoniam
671 3105 900 3191 homogeneum
923 3118 970 3168 est
994 3105 1135 3182 fluidum,
1165 3105 1382 3190 impressiones
1414 3104 1513 3166 conti·
1601 3163 1606 3174 ,

233 3237 367 3300 guorum
381 3213 504 3276 orbium
518 3215 552 3276 in
566 3236 599 3277 se
614 3223 722 3278 mutuo
744 3213 835 3276 factae
856 3225 949 3276 erunt
971 3217 1041 3297 (per
1057 3212 1271 3298 Hypothesin)
1296 3213 1333 3296 (²)
1349 3223 1384 3274 ut
1404 3233 1511 3274 eorum

279 3404 302 3466 e)
315 3407 328 3436 *
341 3405 377 3451 Ab
389 3405 493 3452 inuicem
531 3403 672 3451 Resistentia
682 3419 735 3466 quae
746 3403 820 3451 oritur
831 3419 860 3450 ex
891 3403 1071 3465 portionalisest
1082 3405 1136 3466 (per
1148 3404 1236 3466 Hyp).
1272 3402 1513 3462 Undesisuperbcies

236 3465 252 3514 d
276 3476 329 3514 ectu
343 3467 481 3514 lubricitatis
491 3468 591 3526 partium
608 3467 682 3524 fluidi,
702 3468 789 3514 ceteris
799 3468 861 3527 pari·
891 3468 1016 3530 contiguae,
1026 3468 1177 3529 homogeneoe
1187 3477 1211 3513 et
1221 3468 1316 3528 aequalis
1326 3467 1411 3528 ubique
1426 3467 1512 3524 asperl-

235 3533 287 3586 bus,
298 3539 333 3577 est
343 3545 434 3588 semper
444 3531 525 3576 eadem
532 3531 557 3576 in
565 3530 643 3590 spatiis
652 3531 785 3592 equalibus,
796 3546 860 3592 que·
892 3531 945 3578 tatis
954 3547 1004 3577 sese
1013 3530 1100 3577 viribus
1109 3530 1235 3590 aquabbus
1245 3541 1358 3591 premant,
1370 3539 1394 3576 et
1403 3539 1513 3590 preterea

235 3608 335 3655 cumque
346 3593 417 3640 fuerit
432 3593 524 3640 mobilis
540 3593 662 3650 velocitas;
680 3591 736 3640 cium
746 3594 772 3638 in
783 3594 860 3640 omni·
891 3594 1022 3653 superficies
1036 3609 1090 3654 quae
1104 3607 1174 3652 super
1188 3593 1246 3652 alias
1260 3594 1302 3641 sibi
1313 3594 1435 3656 eontiguas
1449 3593 1513 3639 inee-

175 3663 181 3681 *
236 3659 281 3704 bus
291 3657 369 3717 spatiis
384 3656 511 3718 equalibus
526 3655 588 3702 idem
605 3656 709 3702 defectis
723 3655 861 3704 lubricitatis
891 3656 958 3712 dunt,
977 3655 1077 3718 equales
1095 3656 1156 3714 sint3
1173 3657 1308 3704 resistentie
1323 3672 1351 3704 ex
1362 3656 1440 3703 attritu
1457 3655 1512 3702 dato

236 3717 381 3779 superandus
391 3720 429 3766 sit
465 3719 510 3766 Est
520 3719 592 3781 igitur
602 3721 653 3766 haec
662 3719 796 3774 resistentia,
815 3735 860 3766 οω-
891 3728 994 3779 tempore
1008 3719 1094 3782 genitae
1108 3720 1289 3780 proportionales
1303 3719 1513 3766 erunttranslatio-

236 3784 292 3830 teris
302 3784 402 3843 paribus,
419 3791 447 3830 ut
457 3783 557 3842 spatium
567 3781 631 3844 quod
646 3783 731 3829 mobile
745 3783 859 3838 describit,
892 3783 960 3829 nibus
976 3783 1149 3842 superficierum
1170 3784 1333 3846 contiguarum
1353 3785 1382 3830 ab
1402 3783 1511 3838 invicem,

158 3848 162 3858 '
236 3847 401 3904 hocemdato
412 3855 522 3905 tempore,
539 3855 566 3892 ut
577 3846 690 3892 velocitas.
728 3847 791 3900 Quia
806 3845 861 3893 verb
892 3844 947 3893 cum
957 3846 1090 3907 hujusmodi
1100 3846 1313 3893 translationessiut
1321 3847 1395 3906 spatia
1404 3845 1513 3893 velocita-

236 3918 312 3970 partes
328 3911 513 3972 contiguaeque
529 3909 599 3956 simul
615 3910 795 3969 parivelocltate
810 3925 861 3955 mo·
892 3909 954 3956 tibus
969 3909 1070 3956 relativis
1080 3909 1134 3956 dato
1143 3919 1246 3970 tempore
1261 3909 1381 3969 descdpta.
1417 3909 1442 3956 si
1458 3907 1514 3957 verb

237 3982 327 4030 ventur,
344 3988 393 4019 sese
403 3981 487 4019 mutuo
496 3987 544 4018 non
560 3981 675 4028 atterunt3
693 3973 803 4032 capienda
817 3973 857 4019 hic
890 3971 1050 4019 translationes
1064 3973 1111 4018 illae
1121 3988 1162 4027 seu
1173 3973 1302 4020 velocitates
1317 3972 1417 4019 relativae
1432 3988 1514 4032 super·

237 4044 272 4082 est
287 4037 394 4083 velocitas
409 4035 509 4096 partium
525 4035 625 4092 relativa,
644 4033 691 4096 quit
706 4045 781 4095 partes
791 4052 857 4094 sepa-
888 4035 992 4082 fioletum
1000 4032 1161 4098 condguardm
1167 4035 1396 4098 ponanturequales;
1405 4036 1513 4082 resisten-

237 4109 318 4146 rantur
328 4100 357 4146 ab
373 4098 478 4146 invicem.
515 4099 561 4146 Sed
571 4099 600 4146 de
609 4096 654 4146 hio
667 4099 798 4160 Hypothesi
809 4099 862 4146 ride
892 4099 938 4152 tia,
958 4100 1045 4145 ceteris
1060 4098 1159 4158 paribus
1178 4110 1246 4146 erunt
1256 4109 1283 4146 ut
1293 4099 1424 4160 superficies
1438 4100 1513 4146 conb-

238 4162 353 4209 scbolium
365 4177 469 4223 sequens.
892 4177 946 4222 guae
963 4177 1017 4223 quse
1031 4178 1080 4209 sese
1095 4171 1179 4208 mutuo
1194 4173 1303 4210 atterunt.
1337 4163 1418 4216 Quare
1433 4163 1452 4208 si
1468 4177 1513 4210 nee

270 4225 304 4287 (⁸)
316 4231 373 4274 526.
391 4229 405 4256 *
423 4229 544 4274 Uteorum
560 4228 861 4274 trattslationesabinviccm
892 4225 1024 4284 superficies
1039 4225 1100 4271 conti
1155 4257 1162 4282 ,
1182 4240 1225 4273 nec
1240 4241 1319 4272 aarum
1330 4225 1461 4272 velocitates
1476 4228 1513 4274 re·

237 4295 260 4334 et
270 4291 397 4355 superficies
408 4291 528 4350 contigua,
540 4289 582 4334 dcc.
619 4289 643 4336 Si
659 4289 791 4350 superficies
806 4305 862 4336 oon-
893 4288 969 4335 latina
985 4303 1027 4334 seu
1043 4241 1203 4335 nauffinna
1218 4291 1247 4336 ab
1260 4289 1360 4336 invicem
1376 4299 1513 4348 acquantum

237 4349 309 4412 sigua
320 4349 386 4397 nullis
396 4352 516 4399 velocitate
530 4351 626 4398 relativa
636 4353 695 4400 inter
705 4367 730 4400 se
740 4367 862 4399 moveretu-
893 4352 1033 4404 resistenm
1056 4352 1144 4398 caeteris
1164 4352 1263 4411 paribus,
1289 4361 1357 4399 erunt
1377 4351 1402 4396 in
1423 4353 1514 4400 ratione

237 4423 283 4468 tur,
303 4421 344 4459 aut
359 4415 378 4458 si
394 4424 469 4461 essent
484 4415 585 4474 perfecte
602 4417 703 4472 lubrica,
722 4416 786 4462 nulla
801 4415 862 4462 foret
893 4413 1019 4474 compositis
1029 4430 1057 4461 er
1068 4416 1156 4462 maone
1166 4415 1339 4475 superficierum
1349 4414 1513 4476 configuarum

237 4491 317 4524 earum
336 4475 426 4524 idatio:
448 4487 472 4524 at
488 4479 507 4525 si
523 4479 654 4538 superficies
672 4479 718 4526 sint
736 4494 822 4538 asperae
838 4488 862 4524 et
893 4487 917 4525 et
927 4479 1015 4525 ratione
1030 4477 1206 4525 translationum
1222 4481 1251 4526 ab
1267 4479 1367 4525 invioem
1384 4477 1438 4525 dato
1452 4487 1513 4526 tem-

237 4539 283 4588 alia
293 4539 549 4600 superaliamiucedat,
561 4552 667 4590 nascetur
676 4557 703 4588 er
714 4543 861 4602 partiumat
892 4542 1078 4602 patefacturum.
1108 4542 1275 4602 Impressiones
1284 4539 1338 4589 verb
1348 4541 1516 4602 contiguorum

237 4604 292 4650 tritu
311 4602 444 4658 resistentia,
462 4619 522 4665 quae,
542 4605 597 4652 dato
614 4613 717 4665 tempore
736 4614 759 4652 et
774 4605 861 4652 caeteris
892 4605 984 4651 orbium
995 4605 1020 4651 in
1036 4620 1060 4651 se
1071 4614 1154 4653 mutuo
1171 4606 1247 4665 lacte,
1266 4614 1322 4654 sum
1335 4614 1364 4654 ut
1378 4605 1517 4654 mutia

236 4668 336 4727 paribus,
359 4665 483 4730 velocitati-
494 4667 669 4728 superficierum
686 4668 787 4718 relative
807 4683 860 4728 pro-
892 4668 976 4732 quibus
986 4668 1153 4733 pmducunmr.
