3275 5650
96 487 209 552 Lmen
226 482 390 565 Secura]
422 483 662 550 PRINCIPIA
687 481 1059 581 nnTHEMATIOA.
1305 487 1379 548 ‘258

96 670 189 721 aucta
209 676 436 743 nonnunquam
457 656 586 719 dimidio
607 656 718 721 minuti
737 656 829 721 unius
852 655 989 733 secundi,
1009 676 1236 741 nonnunquam
1256 656 1379 719 minuto

96 765 236 831 secundo
258 777 336 830 toto.
382 764 545 829 cadebant
568 778 671 829 autem
692 766 807 829 rectius
827 765 931 829 vesica
951 763 1090 827 secunda
1103 776 1135 827 et
1148 776 1260 849 quarta
1277 762 1379 847 primi

95 874 180 948 vioe3
196 884 228 935 et
242 872 346 955 prima
358 893 395 935 ac
409 872 501 936 tertia
513 871 650 936 secundi
665 870 743 935 vice.
786 870 900 935 Vesica
921 870 1030 955 quinta
1049 890 1165 956 rugosa
1183 880 1251 933 erat
1272 881 1303 933 et
1323 891 1380 953 per

95 1002 191 1069 rugas
214 1004 285 1045 suas
306 980 450 1045 nonnihil
465 980 688 1045 retardabatur.
732 979 913 1044 Diametros
934 978 1105 1042 vesicarum
1125 977 1319 1042 deducebam
1340 1000 1381 1042 ex

94 1110 205 1153 earum
238 1086 489 1151 circumferentiis
521 1087 577 1151 iilo
604 1086 786 1151 tenuissimo
813 1086 863 1149 bis
892 1082 1072 1148 circundata
1100 1083 1293 1147 mensuratis.
1338 1084 1381 1148 Et

92 1193 250 1259 theoriam
264 1193 381 1257 contuli
396 1214 468 1257 curn
482 1193 702 1277 experimentis
717 1193 749 1257 in
765 1190 869 1255 tabuli
885 1204 1042 1276 sequente,
1066 1189 1254 1253 assumendo
1275 1188 1379 1253 densi-

94 1315 192 1367 tatem
206 1303 286 1364 abiis
301 1324 368 1365 esse
382 1301 424 1365 ad
438 1302 623 1366 densitatem
637 1322 726 1387 aquae
740 1300 883 1384 pluvialis
897 1312 934 1363 ut
951 1309 965 1362 t
983 1299 1024 1363 ad
1039 1304 1112 1375 860,
1128 1299 1379 1382 etcomputando

76 1484 79 1495 Β
95 1407 199 1493 spatia
211 1430 283 1493 quae
296 1407 382 1493 globi
396 1428 454 1492 per
466 1406 619 1473 theoriam
635 1404 674 1491 (¹²)
688 1406 865 1469 describere
879 1406 1055 1470 debuerunt
1069 1404 1219 1469 cadendo.

338 1656 344 1671 .
393 1679 422 1719 e·
445 1614 591 1694 Tempora
613 1614 720 1676 codan-
744 1613 854 1693 Spatia
870 1614 973 1675 iisdem
988 1622 1059 1675 tem·
1131 1591 1318 1695 Dffrerrtia

374 1787 383 1805 ·
497 1700 535 1761 “t
738 1698 1058 1865 stistte
1128 1698 1319 1863 {repis

748 1930 806 1991 271
820 1927 893 2005 ped.
934 1930 969 1986 ll
990 1924 1051 2006 dig.

676 2080 677 2083 a
746 2016 809 2075 em
953 2012 995 2089 ot
1095 2018 1153 2084 ÷o
1258 2014 1298 2090 os

747 2102 809 2183 ara
954 2100 973 2162 t

747 2189 809 2249 277
953 2190 974 2244 4

742 2276 805 2332 282
952 2277 973 2334 0

73 2458 75 2464 Ι
135 2476 315 2543 Globorum
335 2477 431 2563 igitur
445 2488 510 2541 tam
524 2478 556 2539 in
571 2480 642 2541 aiirc
657 2474 749 2562 quim
764 2476 797 2538 in
812 2473 892 2560 aqui
906 2487 1063 2540 motorum
1084 2476 1256 2542 resistentia
1275 2498 1375 2561 prope

89 2587 191 2650 omnis
206 2610 264 2673 per
278 2587 431 2653 theoriam
445 2600 583 2653 nostram
598 2601 682 2654 recte
695 2586 871 2663 exhibetur,
887 2605 923 2647 ac
938 2584 1082 2648 densitati
1096 2585 1276 2663 fluidorum,
1290 2586 1374 2670 pari·

89 2695 147 2757 bus
163 2696 331 2782 globorum
346 2698 561 2761 velocitatibus
574 2720 610 2760 ac
622 2694 896 2783 magnitudinibus,
911 2692 1150 2777 proportionalis
1165 2703 1220 2755 est

135 2802 176 2871 In
191 2803 320 2883 scholio,
338 2806 422 2890 quod
440 2805 520 2870 Sect.
533 2805 591 2870 VI.
605 2806 801 2891 subjunctum
816 2812 872 2879 est,
889 2799 1079 2865 ostendimus
1089 2821 1147 2884 per
1161 2798 1373 2885 experimenta

87 2911 295 2994 pendulorum
320 2913 404 2999 quod
418 2914 584 3001 globorum
598 2914 765 3000 aequalium
778 2925 810 2977 et
824 2905 1059 2998 aequivelocium
1074 2911 1107 2974 in
1121 2913 1204 2989 aere,
1226 2910 1317 2996 aqui,
1341 2925 1372 2976 et

87 3034 220 3104 argento
234 3020 305 3081 vivo
319 3032 476 3084 motorum
490 3023 672 3086 resistentiae
687 3033 759 3085 sunt
774 3033 808 3083 ut
821 3019 989 3082 fluidorum
1010 3017 1185 3081 densitates.
1230 3017 1263 3105 (¹)
1280 3018 1371 3082 Idem

87 3124 139 3188 hic
154 3125 347 3189 ostendimus
369 3127 468 3213 magis
490 3129 632 3192 accurate
647 3150 704 3212 per
719 3127 930 3210 experimenta
951 3145 1117 3209 corporum
1139 3124 1316 3188 cadentium
1336 3126 1370 3189 in

87 3234 159 3296 aiire
175 3242 207 3294 et
222 3231 311 3318 aqui.
357 3232 441 3296 Nam
454 3235 590 3318 pendula
604 3234 734 3322 singuiis
749 3233 993 3297 oscillationibus
1007 3244 1126 3296 motum
1138 3233 1221 3296 cient
1230 3233 1369 3298 influido

87 3338 189 3400 motui
203 3338 332 3422 penduli
350 3340 508 3405 redeuntis
530 3363 652 3424 semper
673 3339 871 3415 contrarium,
896 3348 928 3400 et
946 3339 1118 3402 resistentia
1137 3340 1178 3402 ab
1198 3340 1260 3404 hoc
1280 3354 1369 3405 motu

86 3433 231 3523 oriunda,
255 3457 290 3509 ut
312 3457 343 3511 et
363 3447 537 3512 resistentia
550 3445 596 3510 fili
615 3469 677 3532 quo
697 3445 870 3530 pendulum
892 3445 1148 3528 suspendebatur,
1172 3459 1270 3511 totam
1290 3469 1368 3531 pen-

86 3552 154 3615 duli
169 3555 374 3620 resistentiam
388 3537 535 3642 majbrem
556 3557 758 3622 reddiderunt
773 3554 866 3642 qusim
881 3556 1053 3620 resistentia
1074 3579 1145 3642 quae
1166 3579 1224 3642 per
1245 3559 1367 3642 experi-

84 3673 193 3724 menta
206 3685 372 3748 corporum
387 3665 562 3732 cadentium
583 3663 708 3750 prodiit.
754 3663 880 3728 Etenim
902 3684 959 3748 per
981 3663 1194 3748 experimenta
1213 3663 1367 3748 pendulo

119 3858 157 3922 (ἢ)
167 3862 182 3890 ⁰
193 3862 328 3910 Deseritere
338 3865 467 3914 Moerum
477 3867 585 3913 cadendo.
621 3863 710 3911 Erem-
741 3861 883 3910 velocitatem
896 3860 1022 3908 maximam
1032 3861 1130 3923 acquirit
1137 3876 1192 3910 cum
1202 3861 1250 3924 qui
1260 3863 1332 3922 possit
1340 3863 1367 3910 iu

86 3922 120 3982 pli
132 3922 201 3969 causi
212 3924 330 3972 calculum
341 3927 481 3974 tentabimus
496 3927 644 3988 experimenti
655 3941 710 3974 cum
741 3928 793 3973 a'o're
803 3925 949 3973 descendere.
986 3923 1042 3971 Hic
1052 3925 1171 3973 velocitate
1182 3927 1366 3987 resicatempora

85 3987 154 4033 tertia
165 3986 240 4033 vesica
251 3989 312 4035 facti.
348 3990 520 4052 Hujusvesicae
536 3991 647 4038 diameter
662 4000 712 4039 erat
741 3990 886 4036 minutorum
902 3988 1056 4036 secundorum
1075 3990 1122 4053 184
1138 3988 1250 4036 describet
1265 3989 1365 4050 spatium

85 4055 129 4098 5.3
137 4049 391 4112 digitorumetpondus
399 4055 423 4100 in
431 4056 483 4102 a‘ere
490 4057 675 4118 granorum187‚
684 4059 707 4103 5.
743 4057 789 4101 stt
800 4052 852 4114 ped.
866 4063 888 4100 et
900 4059 922 4100 8.
935 4052 1001 4115 digit.
1019 4053 1114 4101 circiter.
1150 4053 1298 4101 subducatur
1313 4070 1365 4114 spa-

88 4115 181 4162 Globus
196 4115 255 4162 aeris
270 4115 383 4166 diametro
394 4118 520 4180 digitorum
532 4125 573 4168 5.8
584 4118 710 4177 descriptus
741 4118 800 4164 tium
814 4122 836 4172 1,
844 4123 907 4165 8868
921 4115 992 4164 Facu
1004 4121 1026 4165 ⁵.
1037 4118 1089 4178 ped.
1102 4128 1126 4166 et
1137 4123 1151 4165 8
1163 4117 1238 4180 digit„
1250 4126 1274 4164 et
1284 4132 1364 4165 urana.

84 4178 190 4230 eontinet
201 4184 232 4225 23
242 4195 315 4241 grana
326 4196 395 4243 quarn
410 4183 530 4242 proxime3
548 4182 612 4231 uude
629 4181 710 4230 vesicae
741 4183 801 4229 bunt
811 4185 858 4228 sta
869 4179 954 4240 peden
969 4179 1023 4228 cim
1034 4181 1059 4227 in
1069 4181 1149 4230 tabula
1163 4180 1303 4230 accuratiore
1318 4183 1364 4229 cal.

83 4240 179 4303 pondus
194 4242 219 4289 iu
235 4258 308 4292 vacuo
323 4255 372 4293 aat
386 4262 452 4309 gran.
468 4251 551 4304 teon,
561 4256 585 4295 et
595 4257 622 4294 ut
633 4251 664 4294 28
680 4245 710 4294 nd
740 4244 795 4292 culo
801 4243 906 4292 confecta
913 4243 1012 4303 spatium
1021 4245 1180 4304 pertheoriam
1188 4244 1364 4293 describendum

85 4311 142 4362 1⁶02
152 4310 167 4354 5
178 4305 211 4353 ita
221 4315 276 4353 sunt
286 4317 338 4358 octo
348 4311 503 4371 tertiaepartes
514 4311 619 4359 diametri
630 4310 709 4357 resim
741 4308 770 4354 sit
788 4313 834 4356 sm
853 4307 943 4368 pedet
959 4311 973 4356 7
989 4307 1066 4370 digit,
1083 4319 1108 4356 et
1121 4310 1147 4355 iu
1161 4309 1319 4370 asperim-to
1334 4310 1365 4358 sit

82 4399 127 4432 seu
139 4383 208 4446 digiti
220 4371 290 4452 14195
300 4385 330 4433 ad
340 4387 440 4446 spatium
451 4393 467 4434 2
480 4387 506 4442 F,
518 4387 582 4452 quod
591 4389 623 4436 ita
633 4388 710 4450 prodit
741 4375 787 4422 ⁹⁷2
797 4371 850 4432 Pssd·

83 4448 153 4512 digit.
172 4455 210 4506 98,
221 4456 274 4499 626.
310 4451 395 4499 Ves'ca
411 4450 515 4500 cadendo
531 4454 556 4499 in
571 4467 644 4500 vacuo
659 4461 709 4500 toto
774 4469 832 4532 (1).
844 4472 909 4518 Idem
919 4472 956 4519 tia
965 4473 1113 4528 mmmm,
1124 4472 1167 4520 (ω.
1201 4472 1265 4521 Nam
1275 4473 1364 4521 theoria

83 4525 129 4560 ⁸¹¹⁰
139 4512 242 4572 ΡΟῃάεῐίξ
254 4520 307 4571 ¹⁶⁰2
316 4518 332 4562 ⁵
342 4529 409 4578 ΕΜ
421 4525 524 4576 “mim
538 4515 624 4563 “¹5⁰⁰st
639 4516 709 4564 'mim
742 4533 1052 4596 erpen'mentieconiirmata,
1064 4535 1363 4599 cuiauperiorescompute·

82 4592 181 4640 madi
192 4593 299 4642 describit
310 4593 395 4656 digitos
408 4581 480 4658 lesi,
492 4595 625 4656 etpondere
635 4599 710 4652 1st‚5
742 4597 816 4644 tiones
837 4597 951 4655 nituntur,
972 4600 1082 4659 supponit
1097 4600 1254 4657 resistentiam,
1276 4601 1364 4649 ctemris

111 4673 150 4705 an.
169 4656 278 4706 describit
294 4658 378 4722 digitos
395 4664 449 4716 165,
459 4665 513 4717 628,
526 4667 549 4705 et
560 4658 640 4706 eodem
652 4675 710 4721 pon·
741 4661 842 4720 paribus,
854 4677 903 4710 esse
913 4662 938 4707 in
948 4663 1036 4709 radone
1046 4664 1172 4724 compositi
1181 4682 1209 4713 ex
1220 4667 1308 4713 ratione
1318 4664 1362 4709 du-

99 4737 140 4770 ere
152 4727 206 4778 187,
216 4727 230 4769 5
241 4737 308 4786 gran.
321 4722 390 4769 etiam
407 4722 431 4770 in
447 4737 521 4771 vacuo
536 4723 644 4770 describit
658 4737 711 4782 spa·
741 4723 827 4784 plicat&
836 4724 962 4774 uelocitatis
971 4727 1064 4775 mobilia
1072 4737 1097 4776 et
1106 4730 1195 4778 ratione
1200 4729 1299 4790 simplici
1305 4727 1362 4776 dcu-

82 4787 144 4834 tium
158 4785 316 4850 Fdigitorum
334 4793 373 4845 ⁴9,
383 4793 430 4836 813
446 4798 553 4835 tempore
563 4787 671 4835 (715456
686 4796 711 4834 et
742 4789 814 4835 sitatis
825 4789 898 4846 fluidi.

82 4723 85 4730 ι
