3275 5650
233 446 296 504 216
553 429 894 500 PHILOSOPHIAE
916 425 1189 494 NATURALIS
1245 420 1524 503 [Monilonnou.

234 621 356 676 constat
374 607 460 695 qudd
481 605 636 693 quantitas
657 626 758 690 equae,
783 623 856 689 quaa
876 623 933 686 per
955 599 1095 664 foramen
1115 595 1265 662 circulme
1279 595 1312 658 in
1326 592 1426 658 fundo
1440 589 1526 656 vasis

232 718 359 794 factm
374 717 450 780 dato
462 728 605 800 ternpore
618 711 726 789 effluit,
741 734 780 776 ea
793 712 835 775 sit
847 731 919 796 quae
931 731 1006 773 cum
1019 707 1182 813 velocipate
1195 702 1356 790 praedicti,
1379 724 1445 765 non
1465 721 1526 785 per

233 824 372 888 foramen
387 821 475 898 illud,
492 819 547 884 sed
560 818 772 903 perforamen
785 818 946 893 circulare,
963 819 1048 902 cujus
1057 816 1208 879 diameter
1219 825 1267 877 est
1281 811 1321 875 ad
1336 812 1526 875 diametrum

231 932 392 996 foraminis
415 930 499 993 illius
523 941 560 993 ut
581 937 619 992 21
647 928 687 992 ad
710 936 762 1005 25,
789 926 898 991 eodem
922 937 1063 1008 tempore
1085 909 1218 989 effluere
1233 921 1336 986 debet.
1383 919 1525 1004 Ideoque

233 1060 314 1124 aqua
326 1038 381 1100 illa
396 1035 524 1100 effluens
537 1035 733 1099 velocitatem
751 1033 848 1097 babet
861 1032 1008 1096 deorsum
1023 1032 1056 1094 iu
1070 1033 1139 1114 ipso
1153 1029 1305 1093 foramine
1319 1049 1413 1112 quam
1428 1047 1526 1114 grave

233 1143 376 1209 cadendo
390 1155 422 1206 et
436 1164 510 1206 casu
524 1164 583 1205 suo
603 1141 646 1226 (⁴)
661 1139 868 1205 describendo
889 1138 1052 1202 dimidiam
1072 1135 1268 1200 altitudinem
1283 1131 1383 1220 aquae⁴
1395 1133 1429 1194 in
1449 1155 1522 1196 vase

234 1251 404 1339 stagnamb
418 1250 578 1335 acquirere
590 1262 695 1334 potest
709 1247 959 1334 quamproxime.
1007 1245 1070 1312 Sed
1090 1233 1256 1330 postquam
1270 1243 1368 1306 exivit
1381 1263 1424 1305 ex
1438 1262 1521 1318 vase,

234 1361 424 1425 acceleratur
439 1359 658 1445 convergendo
672 1357 773 1422 donec
788 1357 829 1421 ad
843 1356 1020 1420 distantiam
1036 1353 1215 1417 aforamine
1230 1352 1382 1414 diametro
1395 1349 1523 1412 forami-

234 1471 282 1532 nis
296 1490 395 1553 prope
409 1467 562 1552 oequalem
575 1467 762 1549 pervenerit,
778 1478 811 1530 et
825 1465 1021 1532 velocitatem
1041 1462 1236 1548 acquisiverit
1249 1462 1399 1544 majorem
1420 1459 1454 1520 in
1475 1481 1526 1522 ra·

234 1579 318 1640 done
334 1573 548 1658 subduplicatri
564 1573 676 1636 binarii
690 1573 731 1636 ad
746 1573 896 1635 unitatem
911 1571 1033 1634 circiter
1041 1593 1050 1644 3
1072 1590 1166 1654 quam
1180 1568 1287 1656 utique
1301 1587 1397 1652 grave
1412 1562 1525 1627 caden-

235 1687 288 1761 do,
313 1696 346 1748 et
367 1706 442 1746 casu
463 1704 520 1746 suo
541 1682 748 1746 describendo
769 1693 868 1746 totam
889 1679 1084 1744 altitudinem
1103 1699 1193 1764 aquae
1208 1677 1241 1740 in
1255 1699 1328 1740 vase
1343 1673 1524 1762 stagnantis,

236 1793 397 1880 acquirere
410 1802 514 1875 potest
527 1788 774 1875 quamproxime.

281 1899 535 1986 Insequentibus
556 1898 652 1984 igitur
674 1898 825 1962 diameter
850 1917 939 1962 venae

237 2008 417 2094 designetur
430 2027 488 2088 per
498 2003 639 2068 foramen
653 2003 732 2066 illud
741 2003 844 2066 minus
854 2001 939 2088 quod
997 2020 1009 2035 ·

237 2111 416 2176 vocavimus
446 2109 476 2173 E
501 2109 537 2174 F.
564 2094 569 2101 ’
582 2109 626 2174 Et
654 2113 749 2196 plano
778 2111 938 2176 foraminis

240 2221 269 2284 E
282 2217 503 2304 Fparallelum
517 2217 591 2281 duci
605 2218 795 2304 intelligatur
808 2217 938 2301 planum

238 2326 323 2390 aliud
345 2326 487 2409 superius
504 2325 535 2388 V
551 2324 599 2388 W
614 2324 655 2387 ad
677 2323 854 2388 distantiam
870 2324 938 2387 dia·

237 2446 339 2496 metro
352 2431 514 2496 foraminis
535 2431 689 2516 aequalem
710 2430 833 2493 circiter
847 2442 879 2493 et
891 2428 939 2492 fo-

238 2541 357 2604 ramine
370 2541 488 2624 majore
506 2539 529 2604 S
545 2539 577 2602 T
590 2550 754 2622 pertusum
762 2561 772 2614 3
787 2560 845 2621 per
854 2537 939 2624 quod

239 2648 347 2734 utique
367 2669 447 2710 vena
471 2645 573 2723 cadat,
599 2667 671 2732 quae
695 2645 857 2732 adaequate
880 2646 939 2708 im·

238 2757 322 2842 pleat
336 2757 480 2820 foramen
501 2755 629 2820 inferius
653 2754 735 2831 EF,
758 2767 851 2840 atque
868 2752 941 2818 ideo

237 2866 325 2949 cujus
348 2864 500 2928 diameter
521 2863 563 2927 sit
583 2862 625 2926 ad
649 2861 836 2926 diametrum
857 2860 940 2924 fora-

141 3021 144 3025 .
236 2971 328 3033 minis
343 2969 496 3033 inferioris
510 2984 545 3034 ut
560 2976 601 3033 25
616 2968 658 3032 ad
673 2976 710 3031 21
730 2969 862 3059 circiter.
909 2968 961 3033 Sic
975 2968 1058 3031 enim
1073 2988 1153 3033 vena
1165 2990 1223 3051 per
1236 2966 1377 3030 foramen
1399 2967 1528 3031 inferius

236 3078 536 3163 perpendiculariter
549 3077 709 3149 transibit3
731 3088 764 3140 et
777 3077 932 3161 quantitas
948 3099 1037 3162 aquae
1052 3076 1215 3155 effluentis,
1236 3099 1297 3161 pro
1310 3077 1531 3163 magnitudine

237 3186 396 3249 foraminis
410 3183 512 3267 hujus,
533 3207 572 3247 aa
585 3184 645 3249 erit
659 3206 753 3270 quam
768 3183 882 3251 solutio
897 3186 1104 3251 Problematis
1118 3186 1254 3271 postulat
1276 3185 1528 3271 quamproxime.

239 3290 381 3375 Spatium
394 3288 479 3366 verb,
503 3289 588 3374 quod
609 3290 711 3373 planis
733 3289 856 3357 duobus
872 3303 903 3353 et
918 3290 996 3354 venti
1011 3291 1140 3354 cadente
1163 3291 1326 3368 clauditur,
1345 3312 1415 3375 ‚pro
1429 3291 1529 3355 fundo

236 3397 317 3460 vasis
339 3396 448 3460 haberi
473 3407 586 3481 potest.
632 3398 696 3462 Sed
718 3409 754 3461 ut
773 3398 888 3462 solutio
910 3400 1118 3465 Problematis
1138 3401 1308 3485 simplicior
1326 3402 1366 3465 sit
1381 3414 1413 3465 et
1427 3403 1529 3487 magis

236 3501 464 3577 mathematica,
486 3515 615 3585 praestat
628 3501 777 3566 adhibere
790 3502 920 3586 planum
936 3506 1036 3567 solum
1050 3504 1177 3569 inferius
1192 3506 1364 3589 profundo
1379 3507 1472 3583 vasis,
1497 3520 1532 3571 et

237 3612 358 3697 fingere
370 3610 456 3695 quod
470 3633 552 3695 aqua
565 3632 636 3696 quae
650 3633 707 3696 per
720 3613 853 3698 glaciem
868 3635 926 3676 ceu
946 3634 1004 3696 per
1025 3613 1255 3677 infundibulum
1275 3614 1439 3691 defluebat,
1464 3625 1497 3677 et
1511 3638 1531 3679 e

237 3744 309 3786 vase
334 3743 391 3805 per
413 3720 555 3785 foramen
581 3720 655 3786 EF
680 3723 713 3785 iu
734 3723 831 3806 plano
850 3722 996 3789 inferiore
1016 3721 1133 3787 factum
1154 3721 1381 3809 egrediebatur,
1405 3733 1530 3785 motum

237 3956 308 4018 quim
318 3972 360 4017 per
369 3956 483 4004 theoriam
497 3956 624 4014 inveniam,
640 3956 704 4021 quod
720 3956 788 4005 variis
797 3958 866 4005 rasis·
897 3957 1002 4005 ωᾰειιάο
1018 3957 1153 4020 acquisitam
1169 3966 1197 4005 ut
1210 3962 1220 4005 1
1234 3956 1263 4005 ad
1276 3960 1308 4021 a!
1323 3958 1402 4021 me.
1417 3956 1472 4005 Lib.
1490 3956 1529 4019 1.)

237 4020 478 4131 ssfflfibffidum
488 4021 692 4132 mvideurrfflbgt
705 4021 863 4133 (qartdcffipesqu.
896 4021 953 4131 ped,
970 4036 998 4069 er
1009 4020 1079 4081 supra
1089 4022 1193 4097 mensis,
1207 4021 1321 4133 :plusqua
1336 4036 1405 4083 aqua
1415 4022 1531 4081 pervasis

324 4099 348 4130 ιο
400 4099 478 4159 'anua
498 4098 529 4160 c⁸
571 4100 597 4131 ιιι
660 4148 667 4159 .
722 4102 736 4133 e
758 4148 765 4160 ι
841 4100 867 4163 's
907 4100 1002 4131 oramen
1013 4094 1198 4160 transeuntisast
1245 4101 1276 4160 Ιιε
1283 4094 1393 4159 pertatem
1404 4100 1447 4145 per
1461 4100 1530 4163 rene

237 4147 866 4274 ffatnttttttttt‘tmrlttff
896 4158 1027 4275 falfi
1036 4148 1529 4275 {ttttttttttttttltl‘tt

238 4269 346 4380 plumbus
355 4273 655 4387 ddqqngmmznpgqq
663 4276 866 4387 camletgoqrelqocpd
897 4291 964 4387 ἰιίιὲιῐιιῒ
974 4276 1000 4386 {n
1010 4291 1064 4386 :ise
1079 4278 1208 4387 stagnantis
1222 4276 1375 4387 icqiffiioein
1392 4276 1473 4323 aridem
1490 4292 1529 4323 ra-

241 4349 411 4489 ιιιιξῗιῖῗῖιῘιίῗιιιτ
738 4348 798 4401 m
897 4416 939 4463 pa
955 4343 1323 4466 artrarmfaaalli‘i'iqi‘i
1343 4355 1530 4465 sdffiuiril:

239 4461 867 4593 „iltutffltttfflmrlt
899 4466 1230 4577 ⁶⁹l⁶⁰aa⁸il¹¹³¹lffl⁰il⁵
1255 4468 1431 4577 squamas
1458 4482 1529 4531 “¹⁰³

240 4544 526 4697 :qudicadandoaipqam
537 4546 867 4671 motamglindodimtdiam
898 4544 940 4654 pgr
965 4546 1070 4657 simpleei¹
1091 4545 1531 4642 {nqqnainmoenqffimgnhqqqq

240 4652 866 4785 duptadgqlqatqeqquguqnpqroemnpgqqqffiqqeqlinpqae
896 4658 994 4771 favatum
1026 4667 1054 4706 ut
1082 4658 1152 4720 sopri
1178 4658 1308 4721 expositum
1335 4667 1377 4717 est,
1409 4656 1490 4705 effluat
1512 4673 1529 4705 e
