3275 5650
127 430 240 495 Lmen
257 430 421 507 Saeuam]
452 424 695 490 PRINCIPIA
718 424 1088 491 MATHEMATICA.
1352 436 1415 493 313

347 682 754 759 PROPOSITIOLIII.
801 682 1074 753 THEOREMA
1095 685 1190 749 XLI.

131 861 278 941 Corpora,
295 877 361 939 qnce
372 857 405 919 in
419 858 530 920 vortice
540 858 641 919 delato
656 857 690 918 in
704 856 801 919 orbant
814 858 948 933 redeunt,
964 856 1089 939 consino
1102 845 1171 919 sont
1185 859 1342 922 densitatis
1352 881 1415 921 cnm

174 967 294 1039 vortice,
318 974 347 1026 et
361 962 462 1025 eddon
477 966 540 1047 loge
555 985 617 1026 cnm
639 964 731 1045 ipsios
738 962 882 1046 partibas
896 964 996 1045 quoad
1009 965 1191 1069 velocitatem
1206 974 1236 1026 et
1249 986 1350 1028 curstcs
1364 966 1415 1028 de·
1472 977 1474 982 '

123 1142 125 1146 ,
173 1072 411 1135 terminationem
425 1080 585 1133 monentur.

176 1258 260 1323 Nam
275 1258 301 1321 si
316 1242 440 1322 vorticis
454 1278 527 1341 pars
542 1258 645 1345 aliqua
660 1258 782 1347 exigua,
805 1259 892 1345 cujus
914 1259 1075 1343 partionlae
1089 1282 1144 1325 seu
1157 1258 1416 1345 punctaphysice

133 1364 242 1427 datum
256 1374 380 1427 servant
395 1364 487 1427 situm
497 1365 576 1427 inter
591 1386 634 1442 se,
651 1364 808 1453 congelari
823 1377 1033 1461 supponatur:
1056 1366 1135 1445 haec,
1152 1366 1299 1452 quoniam
1313 1388 1415 1452 neque

133 1556 228 1605 difficile
238 1556 308 1609 sitab
317 1556 354 1604 bis
368 1556 465 1619 aliisque
481 1557 700 1605 eonmdtctimibus
714 1558 758 1619 hy·
789 1556 820 1605 ad
831 1566 938 1605 natum
949 1556 1021 1605 medii
1031 1556 1097 1605 fluidi
1112 1556 1307 1605 recommodetur.
1343 1554 1416 1612 Quod

133 1621 247 1682 pothesim
260 1620 372 1668 vorticum
389 1620 490 1676 liberare,
508 1637 536 1667 ex
548 1622 615 1669 variis
629 1620 672 1668 hirc
688 1621 718 1668 de
733 1636 759 1669 rc
789 1621 808 1667 si
820 1624 851 1669 ob
861 1622 1055 1683 qualemcumque
1065 1622 1166 1681 partium
1176 1620 1242 1667 lluidi
1250 1615 1414 1677 cohaesionum,

133 1684 278 1731 eruditorum
284 1684 481 1733 dissertationibus
491 1684 546 1731 sads
556 1686 704 1732 manifestum
715 1694 756 1733 est.
790 1684 869 1747 aliqua
884 1686 990 1732 habenda
999 1686 1030 1731 sit
1039 1686 1098 1732 ratio
1108 1685 1144 1731 vis
1159 1685 1237 1739 vectis,
1252 1684 1314 1731 eamd
1324 1700 1352 1731 ea
1367 1699 1415 1731 non

136 1747 198 1795 Vide
209 1747 320 1795 Leibnitii
331 1758 448 1795 tentamen
459 1749 488 1795 de
501 1750 613 1797 Motuum
626 1748 761 1797 Coelestium
791 1748 884 1797 videtur
902 1748 1040 1795 amumends
1060 1748 1176 1795 disnnnae
1194 1764 1209 1795 a
1229 1749 1320 1795 vorticis
1335 1756 1415 1795 eeutm

136 1812 231 1869 Causis;
242 1810 371 1870 Villemotii
377 1827 436 1872 opus
442 1810 471 1859 de
479 1812 623 1871 Vorticibus,
635 1812 764 1859 illustrissi·
792 1811 976 1871 proportionalis,
996 1811 1194 1873 quemadmodum
1210 1811 1237 1859 tt
1247 1812 1271 1858 in
1282 1820 1346 1859 vecte
1362 1827 1414 1871 per·

133 1875 167 1921 mi
179 1874 323 1923 Marchionis
341 1876 424 1925 Poleni
440 1874 560 1938 dialogum
570 1876 600 1922 de
610 1875 690 1924 sidem
707 1891 756 1923 ma·
788 1875 850 1924 secte
868 1875 952 1937 rigido,
969 1891 1011 1923 seu
1031 1876 1099 1939 cujus
1113 1886 1190 1935 partes
1205 1874 1228 1921 vi
1242 1876 1308 1937 quasi
1324 1875 1415 1923 relinitis

134 1938 206 1996 terii3
230 1938 409 1987 Dissertationes
424 1939 520 1986 celeber.
539 1940 641 1987 virorum
665 1938 758 1986 Saudtu
789 1953 901 1987 conum
915 1949 1080 2000 supponuntur
1089 1946 1113 1986 et
1123 1938 1206 1986 andern
1221 1949 1289 1986 motu
1304 1939 1414 2002 angulari

132 2004 160 2049 in
169 2002 260 2050 Comm.
270 2003 343 2050 Aosd.
354 2004 414 2065 neg.
423 2003 507 2050 Sciant.
516 2017 554 2049 sn.
567 2008 645 2059 1709,
656 2002 758 2049 Bulffin-
790 1991 948 2051 revoivuntur.

132 2066 183 2129 geri
190 2065 221 2113 de
229 2066 306 2113 Caustl
316 2067 448 2123 Gravitatis,
456 2066 525 2115 Joan.
532 2067 653 2113 Beruoulll
664 2066 759 2129 Cogis,
823 2064 940 2115 Caetsrhm
950 2066 1047 2114 oelebsr.
1056 2066 1127 2115 Joen.
1136 2065 1259 2113 Bernonlll
1267 2065 1337 2113 aliam
1345 2080 1414 2113 usur.

134 2132 210 2177 dones
217 2128 332 2176 Novasde
340 2130 468 2192 systemate
475 2128 758 2192 Cartesii‚ejusdemey·
789 2138 830 2189 pat
844 2130 989 2191 hypotbealm
999 2144 1052 2191 quse
1063 2130 1205 2177 mechanicis
1219 2139 1339 2189 perspecta
1350 2144 1410 2175 non·

134 2192 206 2239 dcam
216 2192 339 2240 Coelestem
350 2196 410 2241 inter
420 2193 553 2240 Academiae
559 2192 760 2253 praemiaDnmini
790 2191 849 2239 ditm
867 2204 902 2241 est
922 2190 1031 2255 certique
1051 2194 1177 2253 explorata.
1213 2193 1328 2253 Supponit
1347 2193 1412 2240 enim

114 2278 119 2285 ·
135 2256 165 2304 de
175 2256 289 2309 Mulieres
301 2257 424 2305 Lectiones
436 2256 552 2317 Physlcns.
790 2270 846 2303 cum
859 2257 890 2305 D.
906 2258 1037 2303 Anmntons
1046 2257 1072 2303 in
1085 2258 1193 2304 Menum.
1206 2257 1278 2303 Paris
1286 2272 1324 2303 an.
1339 2262 1409 2306 1699.

168 2319 299 2367 Illustrium
310 2322 434 2369 autberum
444 2320 485 2383 qui
493 2320 606 2369 vorticum
613 2318 758 2379 hypothesim
789 2319 941 2366 resistentiam
949 2320 1081 2381 quaeritur
1089 2335 1117 2366 ex
1125 2320 1230 2367 frictione
1238 2320 1412 2380 superficierum

134 2382 228 2432 strenue
247 2382 400 2441 vindicarunt,
420 2385 493 2431 varias
508 2384 551 2429 hic
567 2382 596 2429 de
611 2397 636 2428 re
651 2382 757 2428 disserte·
789 2384 954 2443 contiguarum
973 2393 1101 2443 utcumque
1120 2383 1279 2445 inaequalium,
1301 2392 1411 2431 manente

134 2448 211 2495 tiones
225 2448 264 2493 bic
279 2463 411 2507 persumere
426 2448 496 2494 nimis
511 2446 609 2508 longum
624 2445 690 2501 fovet,
715 2460 758 2492 nec
789 2446 924 2491 earumdem
935 2444 1115 2493 inessemutud
1125 2449 1249 2505 pressione,
1265 2457 1410 2495 constantem

134 2520 359 2570 tantas'componere
368 2510 419 2559 lites
429 2521 534 2557 nostrum
545 2518 586 2557 est.
622 2509 684 2556 Eam
695 2510 757 2555 enim
788 2523 853 2565 esse3
864 2507 945 2555 rernm
956 2509 1088 2568 hypothesis
1096 2509 1136 2556 illa
1144 2509 1222 2556 minbs
1230 2511 1317 2569 placuit
1323 2512 1409 2559 clariss.

137 2574 268 2621 Ncwtonus
279 2575 321 2623 sibi
333 2575 369 2621 vel
384 2572 485 2621 manime
498 2571 681 2635 impugnandam
692 2588 756 2618 assu·
789 2572 878 2617 Wolfio
887 2573 928 2633 qui
938 2569 968 2618 de
978 2571 1006 2617 evi
1016 2571 1053 2617 his
1063 2571 1137 2619 verbis
1147 2573 1250 2633 loquitur
1260 2575 1285 2618 in
1297 2573 1410 2620 Elemen-

134 2638 179 2685 mit
198 2638 311 2685 vorticum
327 2639 473 2701 hypothesim
490 2652 561 2699 quam
579 2636 695 2684 cortesius
710 2637 759 2695 ipse
791 2635 821 2681 tis
833 2635 976 2683 Methanicis
985 2650 1051 2681 nuru.
1066 2642 1120 2683 965.
1149 2636 1268 2697 Equidem
1281 2638 1413 2683 Amontons

135 2702 293 2759 mnsdtueret,
305 2712 414 2765 natasque
425 2712 476 2761 post
486 2700 554 2760 primi
565 2701 651 2748 tutone
661 2708 759 2745 mortem
790 2700 897 2761 regulam
907 2699 1061 2747 universalem
1075 2698 1140 2746 dedit
1155 2700 1304 2761 computandi
1317 2699 1365 2746 vim
1380 2701 1412 2748 ad

135 2766 209 2829 hujus
228 2766 355 2828 systematis
374 2764 545 2813 emendationes
562 2779 632 2827 quam
649 2764 760 2825 plurimas
791 2762 922 2810 fumonem
941 2763 966 2808 in
982 2762 1037 2810 dato
1052 2762 1156 2824 quolibet
1171 2778 1228 2810 casn
1248 2762 1410 2824 superandam,

135 2831 218 2878 saltem
233 2830 320 2878 'directe
338 2847 385 2878 non
406 2830 470 2890 petit.
507 2832 541 2876 At
557 2828 649 2876 silentio
666 2837 759 2888 praeter-
790 2827 831 2874 sed
841 2827 897 2876 cbm
907 2842 1001 2876 omnem
1011 2826 1220 2874 incdonemasoli
1230 2828 1375 2889 oppressione
1382 2843 1413 2876 ex

134 2895 230 2941 mittere
246 2909 293 2940 non
309 2895 363 2942 licet
377 2891 559 2940 dissertationem
575 2891 700 2940 doctissimi
717 2889 758 2936 viri
790 2891 893 2950 pondere
902 2891 1100 2952 superincedeutis
1108 2891 1202 2948 derivet,
1214 2905 1242 2938 ex
1253 2891 1410 2940 mttcedenti·

136 2957 206 3006 Joan.
235 2958 361 3004 Barnoullii
383 2960 412 3006 ab
435 2957 569 3005 Academici¹
588 2955 664 3019 Regis
685 2955 756 3002 Paris.
791 2958 834 3000 bus
861 2956 915 3002 satis
940 2963 1035 3015 apparet
1059 2955 1123 3018 quod
1143 2955 1259 3015 proposito
1282 2955 1412 3013 satistbcere

136 3022 234 3081 premio
249 3021 429 3076 condecoratam,
447 3021 485 3068 cui
501 3021 583 3067 titulus
593 3030 639 3068 est:
663 3019 757 3080 Cogita.
789 3029 901 3080 nequeat:
923 3033 1000 3064 veram
1015 3017 1129 3065 frictionis
1143 3020 1221 3080 legem
1235 3019 1412 3066 accumtissimis

136 3087 212 3131 tiones
231 3085 483 3147 NovaedeSystemate
496 3083 599 3132 Cartesii.
633 3083 759 3132 Existimat
788 3082 953 3142 experimentis
972 3091 1092 3129 tentarunt
1116 3082 1257 3130 celeberrimi
1278 3083 1410 3142 philosophi

136 3147 221 3194 clariss.
234 3158 301 3194 antor
311 3152 455 3209 superiorum
466 3149 652 3208 Propositionum
661 3146 757 3193 demon·
792 3145 948 3210 Desaguillier
956 3155 980 3194 et
987 3146 1187 3204 Moschenbroeh5
1199 3147 1411 3194 ateamhaudsetis

137 3212 259 3258 stratiotes
274 3211 343 3259 'mero
364 3213 502 3273 sophismate
518 3212 627 3267 laborare,
649 3209 678 3259 cb
694 3210 758 3273 quod
789 3220 934 3258 constantem
956 3213 1113 3268 morunt
1135 3219 1164 3258 ut
1181 3219 1243 3273 patet
1262 3225 1291 3256 ex
1308 3210 1337 3256 iis
1352 3225 1410 3272 quas

138 3275 269 3323 Newtonus
283 3278 375 3324 orbium
390 3277 553 3339 contiguorum
572 3285 595 3322 ct
610 3291 658 3322 sese
675 3283 758 3322 mutuo
790 3273 980 3322 Moschenbroek
991 3274 1059 3320 Tem.
1074 3275 1095 3322 1.
1112 3275 1222 3336 Physices
1237 3273 1355 3333 descripsit
1370 3288 1411 3321 ex·

137 3339 286 3386 atterentium
307 3340 480 3401 impressionem
501 3338 577 3386 solnm
595 3337 710 3385 definierit
728 3353 757 3384 ex
788 3339 970 3399 perimentomm
979 3338 1070 3385 tabulis.
1106 3339 1150 3385 Nil
1160 3336 1216 3403 ergo
1226 3340 1282 3384 certi
1292 3337 1337 3385 hic
1347 3338 1410 3385 dere

137 3403 312 3467 superficierum
326 3403 486 3465 magnitudine
497 3412 521 3451 et
530 3403 649 3450 velocitate
664 3401 758 3449 relativi
789 3401 933 3462 pronuntiari
944 3411 1026 3461 potest.
1061 3403 1192 3450 Newtonus
1201 3403 1410 3466 tamenconjectn·

137 3466 224 3528 quiab
235 3467 332 3514 invicem
343 3477 489 3528 separantem
505 3482 585 3514 aarum
596 3464 649 3512 verd
660 3465 756 3525 superli-
787 3481 839 3512 ram
858 3465 914 3513 fecit
934 3466 1086 3513 resistentiam
1107 3467 1133 3512 in
1153 3466 1237 3514 minori
1255 3481 1304 3513 esse
1322 3466 1424 3531 rationen

137 3532 225 3577 clerum
242 3531 380 3590 pressionem
391 3529 486 3578 minime
498 3529 679 3585 consideraverit,
697 3529 756 3576 vim·
788 3529 859 3591 quim
870 3546 897 3576 ea
907 3530 1033 3576 velocitatis
1043 3539 1084 3588 est,
1103 3545 1132 3578 eo
1147 3533 1224 3578 forsan
1240 3531 1325 3578 dumus
1339 3546 1410 3592 argu-

137 3609 184 3655 que
195 3596 264 3642 vectis
272 3593 398 3654 neglexerit
408 3610 466 3655 quae,
479 3594 567 3642 caeteris
573 3595 673 3654 peribus,
684 3593 758 3656 major
789 3605 870 3640 mento
887 3593 985 3656 quodie
1002 3593 1107 3642 Historiis
1119 3596 1194 3643 Aoad.
1210 3597 1270 3656 neg.
1283 3610 1322 3641 an.
1338 3598 1407 3643 1709.

138 3667 173 3704 est
191 3658 216 3703 iu
236 3657 361 3719 majoribus
378 3657 433 3703 rotis
451 3667 475 3704 et
490 3659 566 3705 minor
580 3659 606 3704 in
620 3657 755 3704 minoribus.
789 3659 834 3704 hoc
845 3656 893 3705 ferit
902 3657 973 3704 modo
983 3660 1118 3718 exponitur:
1133 3659 1321 3717 siconcipiantur
1330 3672 1410 3716 super-

140 3719 230 3768 Verum
236 3721 290 3768 licet
296 3720 321 3766 in
328 3719 376 3766 suis
382 3720 612 3768 demonstrationibus
618 3721 758 3783 pressionem
790 3722 991 3768 ficiesinnumeris
1001 3723 1131 3769 eminentiis
1141 3737 1234 3780 mperes,
1246 3720 1303 3767 dum
1314 3720 1360 3767 alie
1369 3735 1409 3766 su·

138 3785 226 3847 ubique
242 3784 355 3846 aequalem
373 3783 519 3844 supposuerit
534 3784 672 3843 Nevvtonus,
687 3784 758 3846 hujus
789 3799 832 3844 per
840 3784 909 3832 aliam
920 3784 1013 3840 incedit,
1028 3783 1157 3844 superficiei
1173 3784 1409 3844 superioriseminen-
1448 3783 1454 3797 “

139 3857 217 3894 mmen
228 3848 350 3908 pressionis
357 3846 535 3908 inequalitatem
546 3846 571 3892 in
582 3848 668 3895 scholio
683 3847 758 3896 consi·
789 3849 829 3894 tiae
839 3846 901 3894 intria
910 3849 1017 3895 cavitates
1026 3847 1149 3904 inferioris,
1161 3848 1216 3896 dato
1225 3858 1335 3907 tempore,
1345 3863 1408 3908 pres·

139 3911 234 3966 deravit,
245 3911 332 3974 etquid
340 3927 369 3958 ex
375 3911 416 3958 ult
422 3921 536 3972 sequatur,
549 3912 675 3972 generatim
682 3921 759 3960 osten·
791 3912 863 3960 sionis
878 3913 900 3958 ri
917 3920 1044 3972 penetrant,
1057 3911 1129 3976 fitque
1146 3911 1273 3959 oedsoenda
1291 3912 1373 3974 major,
1390 3911 1410 3957 si

139 3975 181 4023 dit.
217 3975 273 4021 Vim
295 3975 389 4037 quidem
407 3977 477 4022 vectis
498 3973 590 4035 prorshs
606 3975 714 4038 neglexit,
736 3984 760 4024 et
791 3975 852 4022 intrb
861 3975 988 4036 superficiei
998 3975 1112 4023 inferioris
1126 3977 1234 4024 cavitates
1248 3975 1317 4022 altilis
1332 3976 1410 4036 ingre·

139 4037 222 4087 merith
232 4037 334 4101 quidem,
352 4048 466 4101 quantum
481 4037 610 4101 intelligere
626 4054 757 4100 possumus.
791 4039 886 4088 diantm
895 4039 1025 4100 superficiei
1034 4040 1156 4103 asperioris
1166 4039 1306 4096 eminentia,
1316 4049 1341 4085 at
1357 4037 1411 4086 verb

142 4103 255 4157 Quamvis
265 4103 328 4149 enim
339 4103 435 4169 inrecte
446 4103 526 4166 regido
534 4103 601 4168 cujus
608 4113 683 4162 partes
689 4104 760 4152 simul
791 4103 810 4150 si
826 4105 901 4167 major
911 4105 941 4152 sit
950 4104 1064 4158 velocitas,
1081 4105 1184 4164 superior
1202 4103 1335 4164 superficies
1349 4102 1412 4149 iutra

139 4167 222 4214 eodem
237 4177 304 4214 motu
319 4168 424 4230 angulari
441 4165 502 4214 circi
511 4167 675 4229 hypomoclion
685 4169 758 4215 revol-
791 4168 924 4215 inferiorem
935 4167 1016 4215 eodem
1028 4168 1082 4214 dato
1093 4179 1198 4228 ternpore
1207 4165 1287 4214 mirrhe
1296 4175 1409 4227 penetm.

139 4239 233 4287 vantur,
245 4229 274 4278 ei>
285 4233 357 4294 major
366 4232 395 4278 sit
405 4231 506 4278 efficacia
516 4231 655 4294 quocaeteris
665 4233 759 4291 paribus
793 4232 984 4279 Hincsiclarise.
1000 4232 1104 4280 Parentii
1114 4234 1173 4278 ratio
1183 4231 1265 4288 valeat,
1276 4233 1331 4278 entis
1347 4239 1411 4292 patet

139 4293 230 4356 longior
241 4303 275 4341 est
285 4295 355 4341 vectis
362 4305 375 4352 ;‘
382 4296 444 4357 quod
452 4296 558 4344 videlicet
567 4297 637 4344 vectis
648 4305 722 4356 partes
730 4295 759 4343 ed
790 4305 942 4343 resistentiam
963 4311 989 4342 tn
1010 4311 1095 4343 mrnon
1115 4311 1165 4343 esse
1185 4297 1274 4342 radone
1292 4293 1363 4359 quim
1384 4311 1412 4342 ea

139 4357 236 4407 celerihs
246 4369 389 4416 moveantur,
401 4357 448 4423 qud
460 4360 533 4422 major
544 4369 577 4406 est
588 4375 668 4407 earum
679 4361 707 4407 ab
715 4362 758 4421 hy·
791 4359 916 4409 velocitatis
924 4370 965 4407 est.
998 4361 1109 4406 Attamen
1118 4361 1203 4407 clariss.
1214 4360 1411 4415 Muscheubroek,

139 4422 254 4480 pomoclio
272 4421 386 4480 distantia,
408 4423 433 4470 id
451 4433 529 4470 tamen
547 4423 577 4472 ad
594 4435 670 4484 partes
683 4424 758 4471 medii
790 4423 856 4470 iactis
871 4424 1041 4483 experimentis,
1057 4425 1209 4472 rmboentiam
1227 4424 1342 4471 velocitati
1359 4439 1413 4484 pro-

138 4483 205 4532 fluidi
223 4502 275 4546 quae
292 4485 353 4533 ciret
370 4497 476 4534 centrum
491 4488 585 4550 aliquod
600 4488 757 4544 revolvuntur,
789 4488 942 4548 portionalem
959 4488 984 4535 in
1002 4488 1104 4536 motibus
1121 4488 1259 4536 tardioribus
1274 4488 1368 4543 invenit,
1387 4487 1413 4532 in

138 4563 186 4596 non
196 4549 288 4596 videtur
299 4550 489 4613 transferendum.
524 4553 558 4600 Et
568 4553 622 4599 licet
629 4553 758 4598 Nevvtouns
790 4551 937 4598 celerioribus
947 4551 1000 4601 vert
1011 4567 1063 4598 eam
1072 4553 1099 4599 in
1109 4553 1190 4618 majori
1200 4552 1272 4616 quim
1287 4550 1414 4599 velocitatis

137 4615 203 4660 orbes
222 4612 315 4666 solidos.
337 4615 536 4663 demonstrationis
554 4617 634 4678 gretia,
656 4613 760 4674 primum
791 4616 1023 4672 rationeobservavit.

137 4676 217 4738 fingat,
238 4693 276 4722 eos
294 4687 370 4725 tamen
381 4679 465 4725 divisos
476 4684 585 4740 supponit
595 4694 622 4727 ac
635 4679 718 4725 deinde
735 4680 759 4724 in
825 4679 931 4726 Assumit
943 4679 976 4726 D.
992 4680 1142 4728 Bemoullius
1152 4681 1311 4742 impressiones
1321 4677 1413 4730 orbium

136 4740 259 4801 particulas
273 4741 407 4791 innumeras
423 4741 548 4791 subdividit
558 4753 585 4791 ut
595 4743 760 4792 demonstratio
792 4744 954 4808 contiguorum
966 4743 991 4791 in
1002 4760 1026 4793 se
1036 4745 1121 4793 mutuo
1132 4745 1210 4803 tactas,
1226 4759 1275 4795 asse
1290 4745 1315 4789 in
1327 4745 1414 4790 ratione
