3275 5650
82 468 191 534 nura
207 466 371 547 aucuns]
401 464 645 533 ,Pnrncrrrn
671 454 1038 523 mnrnunnnrcn.
1118 413 1121 425 ’
1297 468 1353 525 131

80 640 176 724 premi
191 652 298 723 partes
312 648 344 702 et
358 638 535 722 superficies
549 636 684 701 secunda
701 636 767 700 BF
783 640 815 701 K
827 643 897 718 (per
908 635 1004 718 Prop.
1016 632 1129 711 XIX.)
1145 631 1182 717 (‘)
1196 652 1256 715 pro
1269 651 1358 694 men·

81 746 150 809 emi
172 744 230 808 sui
251 742 411 829 equaliter
431 755 622 827 premuntur.
668 742 825 807 Premitur
849 753 999 825 preterea
1025 738 1359 825 superficiessecundu

80 846 157 919 BF
180 853 216 917 K
237 853 270 916 vi
291 851 426 937 propriae
448 852 615 937 gravitatis,
638 872 709 937 quae
783 838 787 853 ’

80 960 185 1025 addita
199 961 233 1023 vi
257 959 355 1043 priori
369 958 442 1022 fecit
455 960 645 1043 pressionem
660 959 716 1023 du·

78 1069 172 1154 piam.
221 1066 294 1131 Hic
309 1066 477 1150 pressione,
498 1088 557 1151 pro
571 1066 714 1131 mensuri

5 1202 6 1213 ι
79 1178 144 1255 sud,
161 1188 195 1242 et
209 1178 336 1261 insuper
350 1176 380 1238 vi
394 1176 530 1260 propriae
545 1175 712 1263 gravitatis,
808 1222 823 1265 0.
860 1218 880 1263 a.
909 1216 937 1265 ,-
1291 1198 1306 1237 ·.

77 1286 110 1350 id
121 1296 180 1362 est,
195 1283 357 1367 pressione
368 1281 459 1367 tripla
470 1294 599 1369 urgetur
608 1303 715 1367 super·
787 1268 809 1349 ‚²
831 1267 909 1375 ,ess
1172 1299 1186 1323 ι

5 1420 6 1437 .
78 1393 163 1456 ficies
187 1390 281 1455 tertia
310 1390 394 1455 OG
421 1389 459 1454 L.
504 1390 548 1453 Et
576 1390 716 1454 similiter
770 1356 789 1474 3!
815 1422 824 1469 i
895 1371 922 1481 ξ’

5 1498 6 1505 '
77 1500 241 1585 pressione
264 1496 443 1583 quadrupli
459 1508 588 1583 urgetur
610 1520 716 1581 super·
767 1501 773 1575 ξ

77 1607 163 1671 ficies
178 1618 300 1692 quarta,
317 1594 609 1690 quintupli'quinta,
625 1618 658 1669 et
671 1608 715 1670 sic

80 1716 238 1799 deinceps.
286 1712 410 1776 Pressio
424 1711 519 1799 igitur
533 1712 593 1797 qui
610 1736 716 1797 super·
818 1687 881 1802 ²23³„
903 1697 915 1727 ’“

80 1822 163 1885 ficies
178 1840 377 1905 unaquaeque
392 1832 528 1905 urgetur,
544 1841 609 1883 non
623 1832 670 1884 est
684 1833 718 1885 ut
843 1810 854 1836 ²
888 1797 944 1889 '¹2⁸
976 1853 1009 1887 a„

80 1929 236 2014 quantitas
260 1926 362 1990 solida
382 1926 470 1989 fluidi
499 1928 715 2007 incrunbentis,

80 2037 131 2100 sed
139 2047 177 2100 ut
185 2054 337 2099 numerus
346 2034 469 2097 orbium
478 2033 624 2120 adusque
636 2058 720 2099 sum·

79 2146 219 2208 mitatem
240 2140 347 2217 iluidi3
370 2153 401 2205 et
415 2154 555 2227 aequatur
575 2146 719 2231 gravitati

5 2280 6 2345 ἐ
80 2250 159 2313 orbis
180 2248 286 2311 infimi
306 2246 517 2331 multiplicatae
530 2270 587 2332 per
601 2271 764 2319 numerum
786 2258 929 2322 orbiumr
952 2258 1014 2322 hoc
1027 2270 1083 2337 est,
1105 2259 1249 2345 gravitati
1270 2256 1362 2321 solidi

80 2360 163 2442 cujus
185 2354 301 2420 ultime
326 2354 405 2417 ratio
427 2353 467 2417 ad
488 2355 662 2439 cylindrum
684 2361 875 2444 praefinitum
899 2364 1047 2447 (simodo
1066 2366 1191 2428 orbium
1213 2377 1362 2450 augeatur

80 2484 227 2525 numerus
243 2471 275 2523 et
289 2460 446 2524 minuatur
468 2461 639 2524 crassitudo
653 2464 686 2526 in
701 2466 867 2544 infinitum,
895 2470 939 2531 sic
953 2481 989 2531 ut
1004 2471 1085 2532 actio
1103 2470 1262 2555 gravitatis
1277 2493 1297 2531 a
1311 2491 1362 2532 su-

5 2570 6 2623 l
79 2568 203 2657 perficic
230 2564 340 2629 infimi
364 2566 404 2635 ad
424 2588 600 2649 supremam
623 2573 769 2636 continua
792 2573 953 2653 reddatur)
978 2574 1032 2637 fict
1062 2577 1140 2637 ratio
1168 2575 1361 2660 mqualitatis.

81 2678 218 2743 Sustinet
249 2698 325 2761 ergo
354 2675 531 2758 superficies
560 2677 668 2741 infima
695 2681 821 2763 pondus
851 2680 985 2766 cylindri
1013 2683 1169 2765 praefiniti.
1215 2682 1257 2756 Q.
1279 2705 1306 2744 e.
1329 2666 1360 2743 d.

81 2788 114 2870 (⁶)
131 2788 176 2853 Et
191 2786 287 2851 simili
302 2787 568 2882 argumentatione
581 2798 667 2873 patet
679 2788 867 2876 Propositio,
883 2790 937 2854 ubi
951 2789 1085 2876 gravitas
1100 2789 1251 2854 decrescit
1265 2790 1298 2852 in
1312 2811 1362 2853 ra-

108 2960 167 3023 (‘)*
184 2963 233 3008 Pro
250 2956 361 3006 mensuri
372 2956 414 3008 sud
425 2961 541 3022 equaliter
553 2971 701 3022 premuntur.
736 2962 738 2967 ’
770 2968 823 3011 175.
851 2963 967 3025 Designet
984 2962 1009 3009 D
1023 2963 1045 3009 A
1059 2964 1082 3010 G
1095 2963 1118 3009 Ε
1134 2962 1271 3022 praedictum
1286 2960 1360 3021 cylin-

81 3023 191 3086 Singulae,
213 3023 335 3078 nimirum,
355 3021 482 3082 superficiei
498 3024 605 3070 secunda
620 3035 703 3086 peries,
735 3025 812 3082 (irum,
830 3027 897 3088 cujus
913 3027 973 3073 basis
985 3027 1010 3072 Ι)
1020 3027 1043 3072 Ε
1054 3025 1149 3087 equads
1158 3025 1188 3071 sit
1197 3024 1273 3071 fundo
1287 3025 1363 3083 sphe-

79 3088 163 3134 semom
176 3087 282 3145 partium
294 3085 385 3132 illerum
396 3086 487 3146 proprii
503 3087 621 3150 gravitate,
638 3105 704 3152 seque
735 3090 783 3138 rico
795 3091 820 3137 D
835 3091 861 3136 Η
873 3091 910 3137 Μ.
947 3090 994 3137 Per
1004 3099 1118 3150 punctum
1137 3089 1169 3146 D,
1189 3097 1214 3136 et
1224 3103 1265 3148 per
1275 3097 1362 3148 punem

79 3162 218 3208 premuntur
232 3165 261 3196 ec
272 3159 348 3210 partes
358 3149 458 3211 aequsles

6 3245 7 3260 ι
79 3213 210 3273 superficiei
233 3227 364 3273 supramoe3
395 3214 458 3274 quod

79 3293 116 3336 per
128 3278 205 3336 Prop.
217 3276 297 3322 xlx.
308 3276 457 3322 menifestum

6 3341 8 3348 “
79 3341 108 3395 fir,
118 3342 138 3386 si
148 3342 268 3401 spatium,
284 3337 346 3400 quod
357 3339 408 3386 illes
418 3355 457 3386 su·

6 3405 15 3426 ³¹
79 3405 182 3463 perficies
204 3402 319 3454 continet,
347 3413 456 3464 tanquam
534 3440 536 3446 .

6 3473 8 3488 ³
78 3467 222 3529 rassliquod
231 3465 458 3528 considereturquod

6 3545 8 3582 ,ἑ
77 3531 179 3579 liuidum
205 3529 328 3592 equaliter
354 3529 458 3593 undique

78 3609 241 3656 compressum
254 3593 419 3654 complectitur.

6 3699 7 3706 ,
107 3661 141 3722 (¹¹)
152 3663 167 3690 ⁸
182 3661 218 3707 Ee
231 3660 301 3706 simili
311 3667 463 3718 argumemm'

6 3721 8 3732 '
76 3726 142 3780 τὲωιε,
164 3724 210 3770 &c
247 3721 316 3767 Patet
333 3731 361 3768 ut
377 3721 403 3767 in
419 3737 458 3768 su-

76 3788 160 3846 periori
173 3785 383 3837 demonstratione,
395 3785 459 3848 quod

74 3852 170 3909 pondus
187 3849 294 3910 partium
311 3849 415 3894 omnium
427 3863 458 3895 e-

73 3916 184 3975 qualium
200 3913 235 3969 D,
252 3913 280 3968 C,
294 3912 324 3969 B,
338 3912 398 3958 Ain
409 3912 458 3960 totis

72 3979 136 4025 recti
149 3979 178 4025 D
193 3978 218 4023 A
230 3974 379 4023 existentium
391 3976 458 4022 susti-

71 4040 458 4164 adstitisset:

72 4169 131 4216 Hoc
148 4169 230 4232 igitur
244 4165 347 4212 fundum
363 4166 459 4214 sustinet

70 4234 171 4292 pondus
182 4229 298 4292 cylindri,
316 4231 383 4292 cujus
399 4230 459 4277 basis
544 4249 548 4258 ¹

69 4297 172 4359 equalis
184 4305 224 4342 est
235 4292 365 4352 superficiei
380 4293 457 4351 fundi,

68 4371 90 4408 et
100 4359 215 4409 altitudo
231 4356 316 4420 esderp
330 4372 383 4419 qum
392 4356 460 4404 fluidi

67 4422 241 4473 incumbentis
255 4420 282 4466 'D
296 4422 334 4479 A3
345 4420 416 4468 modo
425 4431 458 4468 ts·

67 4505 121 4537 men
135 4489 165 4535 in
179 4486 243 4534 locis
256 4499 272 4558 ⁸.
281 4483 356 4560 fundo
364 4485 477 4559 sphaerico
494 4487 519 4535 D
529 4487 555 4536 H
565 4489 595 4536 M
606 4498 629 4538 et
639 4506 654 4538 e
663 4491 711 4538 bai
745 4491 767 4540 B
776 4501 799 4540 et
808 4493 832 4538 Δ
841 4489 931 4538 infinite
941 4490 1070 4552 propinque
1080 4489 1158 4536 ductae
1164 4485 1210 4534 sint
1220 4495 1288 4534 metm
1298 4486 1324 4533 D
1334 4485 1364 4539 E,

67 4554 140 4612 Ι)Ιιιιὸ
160 4547 274 4612 cillndfl
288 4547 490 4609 aeqffifflssfibus.
511 4552 591 4600 endem
609 4564 711 4601 servetur
744 4557 800 4603 BF
815 4565 840 4602 et
858 4557 878 4601 A
893 4555 917 4602 G
933 4554 1133 4616 perpendiculares
1151 4552 1180 4598 ad
1195 4557 1216 4598 Α
1229 4553 1260 4609 S;
1279 4551 1303 4596 in
1320 4549 1366 4595 illis

69 4616 138 4664 fluidi
159 4614 283 4667 demitur
303 4611 428 4673 “demque
444 4613 477 4660 vis
492 4616 609 4678 gravitatis
624 4633 676 4679 quae
689 4617 714 4664 in
746 4618 975 4679 perpendicularibus
989 4618 1109 4679 sepiantur
1127 4617 1152 4663 D
1169 4617 1200 4673 L,
1220 4617 1242 4663 B
1262 4615 1281 4668 l,
1302 4615 1325 4661 A
1339 4611 1365 4656 K
1469 4643 1474 4656 ·

67 4682 146 4729 basim
160 4674 274 4741 cylindri
284 4675 503 4738 papendiculeriter
511 4679 590 4728 tendat
596 4681 689 4744 ubique.
746 4683 897 4730 densitatibus
912 4681 979 4730 fluidi
994 4691 1018 4730 es
1035 4682 1060 4729 D
1073 4682 1104 4740 N,
1123 4681 1188 4738 BT,
1202 4681 1224 4727 Δ
1238 4679 1263 4726 X
1280 4677 1367 4723 viribus

713 4765 725 4814 l
738 4771 752 4812 2
