3275 5650
14 581 61 645 *ι

149 455 373 521 ann
406 453 738 534 Saeuam]
801 448 1284 517 PRINCIPIA
1329 449 2075 516 MATHEMATICA.

2592 460 2718 518 259

143 623 364 711 pagari
407 620 670 706 concipe
695 640 812 704 per
840 618 1215 684 successivas
1253 618 1765 683 condensationes
1796 630 1858 683 et
1896 617 2334 683 rarefactiones
2373 618 2582 698 medii,
2630 622 2719 686 sic

144 742 214 794 nt
238 729 465 814 pulsus
490 728 790 812 cujusque
816 747 962 810 pars
1007 725 1374 791 densissima
1413 725 1783 811 sphaericam
1821 737 2084 810 occupet
2122 726 2517 810 superficiem
2555 726 2721 793 circa

148 849 425 901 centrum
467 835 533 898 A
571 830 966 916 descriptam,
1017 843 1081 896 et
1122 832 1286 896 inter
1328 831 1547 917 pulsus
1598 832 1976 898 successivos
2024 832 2287 918 aequalia
2331 833 2718 900 intercedant

131 2606 474 2671 intervalla.
565 2608 918 2695 Designent
946 2620 1154 2672 autem
1182 2608 1365 2671 lineae
1394 2606 1438 2669 d
1468 2629 1522 2683 e,
1555 2605 1590 2668 f
1606 2630 1670 2693 g,
1702 2605 1748 2668 h
1778 2607 1818 2683 i,
1850 2606 1895 2668 k
1923 2605 1967 2682 1,
2000 2605 2113 2668 διο.
2146 2604 2540 2668 densissimas
2569 2606 2713 2687 pul-

135 2737 311 2777 suum
365 2726 596 2801 parteS,
647 2737 762 2808 per
807 2715 1088 2779 foramen
1143 2716 1200 2778 B
1246 2715 1301 2778 C
1347 2726 1744 2799 propagatas·
1836 2711 1923 2775 Et
1969 2710 2263 2796 quoniam
2310 2709 2583 2771 medium
2623 2710 2711 2771 ibi

134 2820 383 2886 densius
414 2836 508 2887 est
535 2845 723 2909 quam
751 2823 818 2886 in
849 2824 1061 2908 spatiis
1091 2821 1238 2888 hinc
1267 2821 1415 2886 inde
1443 2843 1655 2886 versus
1690 2820 1755 2884 K
1787 2820 1844 2885 L
1875 2832 1939 2884 et
1970 2818 2144 2897 ΝΟ,
2181 2819 2254 2904 (Ε)
2276 2817 2711 2882 dilatabitsese

125 3003 230 3036 unm
252 2989 491 3049 propulsae
511 3000 621 3038 eant
641 3000 688 3039 et
707 2991 1061 3046 condensantur,
1097 3001 1144 3039 et
1164 2991 1245 3040 ubi
1277 3001 1388 3042 sunt

127 3052 414 3100 densissimae
435 3055 702 3114 sphaericam
718 3056 1010 3117 superficiem
1031 3055 1153 3104 circa
1174 3065 1388 3104 centrum

130 3119 177 3163 A
219 3116 503 3178 descriptam
545 3133 772 3179 occupare
812 3120 1149 3181 intelligantur,
1192 3130 1297 3168 tum
1342 3120 1387 3166 vi

128 3178 316 3227 clastica
335 3180 556 3228 rarefiant
575 3191 622 3229 et
641 3183 912 3230 dilatatione
933 3181 1019 3230 sua
1040 3184 1208 3245 partim
1229 3197 1388 3230 versus

128 3253 343 3292 cauum
372 3245 419 3293 A
440 3244 645 3303 redeant,
666 3246 837 3308 partim
856 3263 884 3294 a
905 3257 1066 3295 centro
1079 3247 1162 3294 illo
1176 3262 1385 3311 quaqua-

1450 2993 1682 3043 dilatatur.
1720 3001 1769 3039 et
1799 2991 2047 3052 particulas
2077 3007 2119 3047 a,
2152 2992 2198 3047 b,
2234 3004 2274 3047 c,
2308 2991 2397 3038 διο.
2431 2991 2481 3036 in
2512 2990 2707 3050 pristina

1449 3057 1553 3104 loca
1573 3055 1825 3103 successive
1858 3055 2051 3116 repellit,
2086 3055 2201 3101 dum
2234 3052 2412 3101 interea
2439 3053 2545 3100 aliae
2565 3055 2708 3116 parti-

1450 3121 1570 3168 culae
1591 3129 1647 3168 ut
1676 3136 1723 3182 g,
1758 3121 1807 3176 h,
1839 3120 1925 3167 &c-
1953 3133 2111 3165 versus
2131 3133 2162 3181 q
2183 3117 2575 3181 progrediuntur3
2608 3134 2707 3181 quo

1449 3195 1580 3231 motu
1617 3184 1827 3230 medium
1859 3198 2020 3229 rursus
2050 3182 2360 3229 condensatur
2388 3196 2548 3228 versus
2578 3197 2626 3244 q,
2661 3192 2711 3230 et

1449 3247 1616 3295 deinde
1656 3245 1875 3310 utrinque
1915 3247 2148 3303 dilatatur,
2193 3244 2333 3308 atque
2376 3244 2442 3292 ita
2483 3245 2704 3308 deinceps

505 3373 2085 3460 abcdefghk.lmnp

509 3465 2320 3563 ΙΙΙΙΙΙΙΙΙΙΙΙΙΙΙ

123 3637 310 3669 versum
343 3622 565 3672 recedant
599 3635 647 3672 et
682 3633 834 3685 partes
871 3625 1042 3673 vicinas
1076 3625 1378 3687 propulsent3

122 3685 188 3733 ita
216 3695 278 3734 ut
305 3686 664 3742 condenaentur,
701 3698 839 3750 atque
871 3688 940 3736 ita
971 3690 1236 3737 successivis
1269 3704 1381 3736 con-

124 3748 491 3803 densationibuax
520 3761 568 3799 et
610 3752 954 3800 dilatationibus
995 3753 1198 3815 agitetur
1227 3763 1380 3800 totum

123 3813 354 3860 medium·
428 3815 552 3871 Quae
572 3825 627 3864 ut
648 3816 818 3863 clarius
838 3816 1173 3878 intelligantur,
1198 3826 1382 3864 motum

122 3877 464 3936 particularum
486 3880 601 3926 a‘eris
620 3880 670 3926 in
694 3894 790 3926 uno
822 3881 1052 3940 praedictae
1084 3882 1276 3940 sphaerae
1307 3895 1382 3928 ra-

121 3939 201 3988 dio
232 3943 622 4001 contemplemur.
692 3943 799 3991 Sint
814 3960 856 4000 a,
879 3946 924 4001 b,
948 3959 990 4001 c,
1014 3944 1061 3999 d,
1085 3946 1168 3992 &c-
1206 3954 1381 4004 puncta

120 4004 315 4066 physica
337 4005 484 4052 medii
513 4007 789 4069 quiescentis
808 4008 860 4054 in
880 4007 1005 4055 recta
1027 4024 1055 4054 a
1074 4024 1121 4070 q,
1143 4008 1204 4054 ad
1226 4023 1380 4069 aequa-

120 4067 188 4115 lea
226 4071 290 4115 ab
318 4068 520 4116 invicem
554 4071 793 4118 distantias
825 4072 925 4118 sita.
999 4071 1238 4118 Punctum
1259 4087 1302 4126 a,
1336 4071 1380 4117 vi

122 4131 337 4194 quilibet
357 4133 675 4181 acceleratrice
694 4145 932 4197 urgeatur,
955 4134 1211 4182 secundum
1235 4134 1382 4181 direc-

121 4195 320 4250 tionem,
345 4211 376 4242 a
396 4212 440 4256 q,
463 4207 511 4244 et
530 4198 698 4245 deinde
728 4209 933 4249 cessante
953 4200 1022 4244 vis
1042 4198 1167 4244 illius
1186 4198 1381 4254 actione,

122 4274 204 4319 per
225 4259 514 4307 celeritatem
535 4262 805 4323 acquisitam
837 4269 1092 4309 moveatur.
1164 4263 1276 4308 Non
1299 4276 1382 4321 po·

122 4325 228 4371 terit
251 4322 322 4369 ita
343 4326 516 4370 moveri
539 4326 764 4383 particula
784 4343 827 4382 a,
861 4326 987 4388 quin⁴
1007 4327 1260 4373 successive
1281 4339 1381 4371 mo-

122 4397 322 4434 veantur
338 4389 578 4446 particulae
597 4389 700 4436 alia·
719 4392 766 4446 b,
790 4405 827 4443 c,
853 4390 900 4446 d,
924 4406 965 4445 e,
988 4391 1073 4437 διο.
1100 4399 1147 4436 et
1159 4389 1269 4451 quia
1283 4404 1382 4435 me-

125 4450 256 4496 dium
295 4451 536 4498 elasticum
571 4453 622 4498 in
653 4453 904 4500 intervallis
925 4456 956 4501 b
977 4469 1017 4509 c,
1043 4469 1068 4499 c
1089 4452 1135 4506 d,
1164 4453 1195 4500 d
1218 4469 1258 4506 e,
1293 4454 1377 4499 &c.

124 4514 356 4576 gradatim
383 4515 692 4563 condensatur
713 4529 759 4564 et
783 4518 876 4563 vim
899 4517 1133 4564 elasticam
1163 4518 1386 4579 majorem

121 4578 320 4639 acquirit
355 4579 450 4639 qua
485 4579 691 4626 celeritas
727 4581 967 4639 particulae
1004 4598 1047 4636 a,
1088 4581 1174 4626 sibi
1215 4580 1385 4626 relictae

120 4641 348 4689 continu&
379 4643 611 4690 minuitur
632 4660 686 4691 ac
708 4644 894 4691 tandem
927 4660 1112 4703 prorsus
1145 4644 1380 4706 extingui-

1444 3626 1610 3686 pulsus
1629 3639 1713 3685 per
1734 3625 2013 3672 successivas
2035 3623 2419 3673 condensationes
2440 3633 2489 3671 et
2508 3625 2707 3673 rarefac.

1446 3690 1597 3736 tiones
1618 3687 1762 3735 medii
1784 3699 2113 3751 propagantur.
2185 3692 2211 3718 ”
2244 3689 2365 3734 Haec
2396 3687 2622 3748 pulsuum
2652 3688 2705 3733 in

1444 3753 1601 3799 medio
1654 3752 1841 3799 elastico
1893 3752 2161 3815 genitorum
2208 3749 2390 3806 natura,
2444 3751 2506 3797 ad
2558 3750 2701 3810 Prop-

1448 3815 1675 3864 XLVII.
1688 3815 1839 3860 fusius
1860 3814 2159 3875 expendetur,
2184 3811 2265 3860 sed
2288 3812 2378 3859 isto
2398 3812 2448 3859 in
2472 3815 2576 3860 loco
2596 3813 2698 3860 haec

1445 3879 1659 3927 sufficere
1682 3877 1911 3925 videntur.

1509 3943 1578 4005 (⁸)
1606 3945 1631 3972 ¹⁸
1659 3944 1889 3989 Dilatabie
1908 3958 2000 3989 sese
2021 3950 2116 3988 tam
2139 3956 2308 3993 versus,
2333 3941 2417 3987 διο.
2490 3939 2585 3987 Per
2606 3938 2698 4006 vim

1444 4005 1679 4053 clasticam
1700 4021 1805 4067 quae
1826 4006 1870 4051 vi
1892 4005 2214 4064 comprimenti
2246 4001 2344 4067 qua
2373 4016 2526 4064 partes
2558 4002 2704 4050 medii

1444 4070 1801 4124 condensantur,
1825 4069 2016 4131 equalis
2037 4079 2120 4126 est,
2146 4079 2193 4115 et
2215 4068 2264 4114 in
2286 4082 2476 4114 omnem
2497 4067 2585 4114 loci
2608 4067 2699 4113 cir·

1447 4133 1807 4182 cumferentiam
1829 4133 1940 4195 agit.

1512 4203 1620 4246 295.
1675 4197 1841 4243 Motus
1863 4197 2088 4256 pulsuum
2112 4195 2161 4242 in
2183 4194 2337 4242 medio
2361 4195 2548 4242 elastico
2570 4209 2701 4254 spec-

1446 4263 1534 4308 tari
1565 4268 1716 4321 potest
1737 4269 1791 4306 ut
1811 4260 2038 4322 analogus
2068 4274 2178 4306 cum
2212 4267 2344 4304 motu
2383 4259 2620 4306 undarum
2651 4257 2703 4304 in

1447 4324 1693 4385 superficie
1704 4339 1837 4385 aquae
1850 4324 2104 4386 stagnantis
2117 4341 2132 4380 ;
2157 4337 2264 4368 nam
2282 4321 2582 4368 condensatio
2596 4338 2701 4383 par-

1447 4389 1567 4435 tium
1591 4387 1733 4434 medii
1755 4387 1931 4434 elastici
1950 4388 2111 4433 locum
2132 4395 2259 4433 tenet
2270 4386 2539 4433 elevationis
2558 4402 2703 4448 aqua-

1447 4467 1566 4506 rum,
1591 4453 1660 4497 vis
1680 4450 1865 4497 elastica
1885 4450 2026 4497 medii
2050 4451 2206 4497 locum
2230 4450 2466 4512 gravitatis
2482 4465 2631 4512 aquae,
2656 4458 2704 4497 et

1449 4531 1554 4575 pars
1567 4514 2077 4576 pulsuumdensissima
2093 4513 2208 4574 parti
2225 4512 2454 4560 undarum
2470 4513 2702 4560 altissimae

1450 4578 1787 4639 correspondet.
1863 4576 2003 4626 Unde
2045 4578 2093 4623 in
2136 4592 2333 4640 utroque
2366 4586 2514 4634 motu,
2560 4576 2701 4623 medii

1448 4643 1691 4703 particulae
1724 4657 1806 4702 per
1836 4641 1991 4689 brevia
2012 4642 2159 4700 spatia
2180 4650 2294 4688 eunt
2314 4651 2361 4688 et
2381 4642 2593 4696 redeunt5
2626 4640 2699 4684 in-

116 4715 226 4762 tur;
273 4716 381 4752 tum
424 4704 534 4754 ver-6
577 4707 786 4754 medium
829 4709 1163 4754 condensatum
1205 4709 1250 4753 vi
1296 4707 1382 4754 sua
1443 4707 1685 4754 tex-eadum
1708 4706 1871 4767 pulsus
1900 4705 1974 4751 vel
2006 4705 2135 4752 unda
2167 4715 2448 4767 propagatur
2482 4704 2619 4767 (294)
2653 4713 2703 4750 et

117 4769 306 4817 elas-tica
342 4770 564 4833 utrinque
592 4779 690 4819 tam
720 4787 880 4819 versus
911 4787 954 4829 a,
989 4787 1130 4834 quam
1162 4787 1319 4819 versus
1348 4787 1379 4833 q

1445 4771 1609 4818 eodem
1631 4770 1774 4818 modo
1794 4785 1890 4832 quo
1914 4771 2033 4834 (293
2056 4769 2289 4817 undarum
2308 4768 2601 4816 reflexionem
2617 4782 2700 4813 er.

1366 4860 1468 4906 ΒΞ.)
