3275 5650
262 455 283 512 t
571 451 907 518 PHILOSOPHIAE
930 451 1199 518 NATURALIS
1264 452 1536 531 [Moniloeeon.

258 613 511 684 quuntur'hypodreses
521 635 569 670 non
579 620 641 684 tegre
651 621 728 670 reterri
743 622 881 684 plerumque
913 621 1044 668 tentiamx
1052 621 1174 669 tenacitate
1181 620 1241 679 dati,
1252 621 1275 668 si
1285 621 1320 668 illl
1330 619 1531 684 gravitatisrequa·

257 695 354 745 possunt
369 684 399 731 ad
414 683 615 732 determinationes
631 695 740 733 motuum
755 700 812 746 quas
828 685 879 731 alise
910 684 936 741 li,
952 684 979 730 in
994 684 1050 730 locis
1065 683 1156 732 tantdm
1166 702 1186 740 a,
1199 688 1222 741 b,
1233 685 1256 739 d,
1267 687 1311 732 dvc.
1322 695 1431 746 regente
1441 694 1530 742 ortamt

256 748 343 808 priores
357 748 495 808 hypotheses
514 747 555 811 (de
570 749 655 810 qusssus
670 751 699 796 ab
717 748 784 795 initio
799 757 879 796 actum
909 746 935 793 in
950 748 1028 807 spatiis
1043 746 1097 796 serd
1112 748 1253 795 intermediis
1266 753 1288 796 A
1302 749 1357 796 Bet
1368 751 1415 802 ab,
1434 748 1495 796 BD
1505 756 1530 795 st

256 815 301 872 est)
313 809 465 872 suppeditant,
482 811 544 873 quod
555 810 663 872 deinceps
673 810 828 859 ostendemus.
910 812 926 858 b
937 810 960 866 d,
970 813 1024 858 &ci
1033 811 1126 858 nullum
1136 813 1166 858 sit
1176 813 1277 859 motibus
1292 811 1452 870 obseculum3
1471 810 1530 858 dum

288 879 311 921 8.
331 875 355 922 si
372 873 476 921 medium
494 875 520 921 in
537 889 585 936 quo
601 889 685 935 corpus
700 883 805 921 movetur
823 889 876 936 per-
909 888 1005 933 oorpors
1020 875 1157 933 perveniunt
1172 874 1197 921 in
1210 876 1232 921 A
1244 884 1268 922 et
1277 891 1299 931 a,
1316 875 1429 936 equalem
1444 875 1530 921 babent

255 935 315 984 secte
331 934 430 984 liuidum
445 937 482 995 sit,
499 939 543 984 boc
558 946 600 996 est,
617 939 720 998 partibus
734 946 824 984 constet
833 952 875 998 op·
908 936 1059 991 velocitatem,
1071 947 1095 984 et
1105 936 1189 984 deinde
1199 937 1264 984 victis
1274 938 1401 999 equalibus
1411 938 1472 998 in„A
1483 946 1529 984 eta

255 999 312 1048 ome
321 999 432 1077 lerigatis
442 1001 552 1076 nullique
563 1003 683 1049 tenacitate
698 1001 873 1057 coherentibus,
904 1000 1035 1078 obstaculis,
1054 1001 1105 1061 pari
1119 1001 1196 1049 adltuc
1212 1001 1330 1049 velocitate
1339 1016 1381 1062 per
1395 1001 1529 1076 ιιριιιὶιιιιῇ·ι

254 1062 875 1184 ttttttlltlttttttsstllffttltltttt:
906 1063 1529 1189 tttffilrttttffflmttmd

254 1190 375 1238 aderanda
390 1199 424 1238 est
439 1191 629 1252 resistentisque
639 1205 667 1238 ex
678 1191 749 1238 medii
759 1190 875 1238 reactione
906 1189 979 1248 spatia
990 1191 1012 1237 B
1025 1191 1051 1236 D
1061 1193 1109 1238 etb
1120 1193 1136 1237 d
1146 1192 1217 1238 simul
1232 1204 1361 1246 morentur,
1378 1200 1401 1238 et
1416 1190 1449 1238 int
1462 1191 1528 1239 dein-

254 1263 331 1302 ortum
348 1253 420 1310 ducit,
442 1263 522 1316 estque
540 1254 581 1301 illa
597 1265 624 1301 ut
642 1253 743 1302 densitas
763 1254 834 1300 medii
851 1264 875 1302 et
906 1266 960 1312 ceps
978 1253 1076 1300 eandem
1092 1270 1181 1314 semper
1197 1253 1339 1301 velocitatem
1354 1253 1380 1300 in
1395 1253 1452 1301 locis
1461 1253 1528 1315 teque

253 1317 392 1380 quadratum
407 1317 532 1364 velocitatis
549 1317 641 1364 mobilis
656 1317 704 1364 dati
720 1317 870 1380 conjunctim.
906 1315 959 1362 altis
966 1317 1058 1364 babent.
1092 1317 1444 1380 Minuanturjamrequalisilla
1454 1318 1528 1377 spatia

255 1381 317 1429 nae
327 1381 390 1428 enim
405 1379 532 1428 resistentia
548 1383 600 1444 (per
611 1380 693 1428 Motds
704 1381 763 1444 Leg.
778 1387 800 1426 9.
813 1387 869 1428 αδ.
906 1379 930 1424 A
945 1380 966 1427 B
978 1383 1058 1437 stab,
1074 1381 1095 1426 B
1109 1382 1134 1427 D
1145 1393 1168 1429 et
1178 1385 1193 1428 b
1203 1380 1227 1437 d,
1239 1382 1280 1428 dc.
1291 1396 1314 1428 et
1324 1396 1405 1428 eorum
1416 1394 1527 1427 numeram

253 1445 308 1493 Lib.
324 1445 360 1506 1.)
370 1452 404 1490 est
415 1453 442 1491 ut
452 1444 566 1506 quantitas
577 1444 654 1491 motus
662 1445 717 1492 dato
727 1444 873 1504 tempusculo
904 1452 1018 1504 augeatur
1027 1443 1051 1489 in
1062 1443 1187 1499 inlinitum,
1204 1455 1232 1492 ut
1246 1445 1281 1491 sis
1295 1443 1445 1508 gravitatiset
1459 1443 1527 1491 resia-

252 1507 431 1564 communicem
449 1507 490 1555 sed
500 1506 553 1554 dati
561 1508 652 1554 mobilis
659 1507 786 1564 velocitate,
797 1522 872 1568 quan-
903 1506 981 1553 tende
991 1507 1051 1554 actio
1058 1507 1095 1554 rel
1105 1509 1189 1556 reactio
1197 1508 1307 1556 continua
1315 1508 1430 1563 reddatur,
1442 1516 1466 1554 et
1475 1522 1526 1554 eor-

252 1572 305 1618 titas
321 1569 398 1617 motils
413 1571 576 1618 communicati
592 1581 626 1618 est
636 1580 664 1618 ut
677 1571 793 1633 quantitas
808 1569 875 1617 fluidi
907 1583 964 1629 pora
973 1569 1022 1616 duo
1032 1571 1129 1617 eandem
1140 1571 1226 1634 ubique
1236 1572 1386 1619 resistentiam
1402 1571 1524 1631 patierrtur,

252 1634 396 1696 tempuscula
407 1633 592 1691 datomorenda,
612 1635 656 1682 boc
669 1644 711 1692 est,
730 1643 758 1682 ut
773 1633 873 1681 densitas
905 1632 1031 1680 etinlocis
1077 1632 1170 1682 udaltis
1185 1634 1281 1682 eandcrn
1297 1635 1441 1682 velocitatem
1456 1635 1526 1680 habe-

251 1695 336 1754 medii;
359 1696 413 1745 dati
430 1705 508 1746 autem
525 1698 597 1746 medii
615 1697 734 1754 densitate,
756 1697 872 1758 quantitas
902 1697 969 1742 bunt
998 1649 1216 1751 Qua'rlresistemia
1225 1713 1279 1760 qua
1289 1713 1318 1746 ex
1326 1698 1393 1746 fluidi
1403 1697 1524 1745 tenacitate

250 1760 328 1808 motis
343 1761 507 1808 communitati
518 1769 552 1808 est
562 1771 589 1809 ut
603 1761 719 1824 quantitas
732 1759 801 1807 fluidi
817 1760 872 1808 dato
904 1768 983 1806 ortum
992 1757 1065 1817 ducit,
1081 1770 1158 1821 potest
1172 1777 1228 1809 curn
1238 1763 1261 1807 ri
1271 1761 1389 1824 gravitatis
1404 1761 1527 1808 uniformis

251 1825 396 1885 tempuscula
403 1824 549 1882 dimovenda,
560 1835 584 1873 et
594 1835 622 1872 ut
629 1823 736 1872 velocitas
743 1823 788 1885 qud
797 1839 871 1884 quan-
902 1823 1037 1882 comparari,
1050 1824 1104 1871 licet
1113 1825 1184 1871 medii
1194 1826 1305 1872 tenacitas
1315 1825 1339 1872 in
1349 1840 1434 1884 corpus
1447 1825 1523 1886 quies-

250 1888 303 1935 titss
313 1887 354 1934 illa
364 1887 430 1934 fluidi
441 1898 546 1935 movetur
555 1883 705 1951 conjunctim,
722 1896 746 1934 et
755 1888 871 1950 quantitas
903 1900 959 1932 oens
975 1887 1049 1949 (quod
1058 1887 1154 1949 quidem
1165 1888 1187 1934 ri
1195 1889 1312 1951 gravitatis
1326 1903 1418 1949 semper
1432 1902 1525 1950 urgere·

251 1951 317 2000 fluidi
327 1952 382 1998 dato
392 1952 538 2012 tempuscula
548 1951 687 2000 dimovenda
694 1950 808 1998 velocitati
819 1965 870 1997 mo-
902 1948 952 2009 tur)
964 1965 1032 2012 agere
1043 1951 1110 1998 nullo
1119 1951 1190 1998 modo
1199 1953 1279 2014 possit.

250 2015 304 2064 bilis
312 2014 490 2075 proportionalis
500 2024 541 2072 est,
558 2029 641 2075 corpus
651 2013 714 2061 enim
725 2013 798 2074 duplo
807 2014 871 2061 selo-
935 2017 973 2059 10.
993 2013 1023 2060 ln
1034 2012 1111 2061 fluidis
1121 2014 1193 2077 igitur
1200 2014 1405 2078 mmsbqoi
1413 2013 1522 2075 preditis,

252 2079 302 2126 cius
315 2079 395 2131 amm,
415 2077 489 2138 duplo
504 2079 580 2141 majus
590 2077 689 2138 spatium
700 2078 725 2124 in
735 2077 808 2124 fluido
819 2091 870 2137 per·
902 2075 1031 2123 resistentia
1041 2087 1076 2124 est
1086 2077 1169 2137 partim
1179 2079 1309 2137 uniformis,
1320 2079 1405 2140 partim
1415 2077 1524 2125 velocita-

248 2152 333 2199 curret,
344 2142 420 2204 sieque
431 2140 505 2202 duplo
514 2143 620 2201 pluribus
628 2140 747 2203 particulis
756 2149 869 2188 oeourret
902 2139 933 2186 tis
943 2139 1054 2200 madata
1064 2141 1240 2201 proportionalis
1252 2146 1285 2207 (8.
1297 2144 1334 2201 9.)

253 2207 332 2261 Quare
348 2203 403 2252 dati
418 2204 532 2257 dendmte
548 2205 625 2256 medii,
645 2203 772 2252 resistentia
789 2213 825 2251 est
845 2214 871 2252 ut
937 2207 973 2249 ll.
992 2205 1098 2251 Lemma.
1119 2205 1150 2252 In
1160 2205 1298 2268 quicunque
1308 2205 1442 2253 resistentie
1452 2205 1524 2265 hypo-

250 2270 388 2332 qusdrstum
412 2267 533 2315 celeritatis
555 2268 654 2324 mobilis,
681 2277 751 2329 atque
771 2265 831 2315 aded
851 2267 871 2316 si
902 2265 968 2322 thesi,
985 2268 1087 2326 corporis
1096 2277 1144 2314 tam
1154 2269 1180 2314 in
1190 2270 1267 2316 medio
1281 2270 1399 2317 resistente
1414 2283 1484 2329 quam
1499 2269 1524 2316 ir

250 2348 325 2394 naqtm
346 2331 412 2379 fluidi
431 2331 538 2390 densitas,
562 2347 638 2393 neque
657 2331 750 2378 mobilis
768 2331 872 2378 celeritas
903 2343 976 2377 vacuo
986 2331 1158 2378 motivelocitas
1168 2332 1233 2380 finita
1243 2333 1268 2379 in
1278 2333 1377 2396 singulis
1388 2333 1445 2378 locis
1454 2340 1525 2379 estut

249 2397 304 2444 data
314 2396 350 2450 sit,
362 2395 406 2442 en't
415 2395 542 2443 resbtentia
551 2405 579 2443 ut
588 2395 659 2443 medii
670 2393 770 2442 densitas
780 2404 803 2442 et
813 2409 871 2456 qua-
902 2391 1044 2439 elementum
1055 2394 1122 2453 spatii
1133 2394 1240 2457 descripti
1250 2395 1336 2444 directe
1346 2405 1370 2443 et
1379 2404 1525 2442 momentum

249 2459 342 2506 drotum
352 2458 478 2506 velocitatis
487 2459 638 2522 conjunctim,
650 2467 719 2520 atque
729 2459 779 2505 brec
789 2467 825 2505 est
834 2473 871 2505 re·
902 2455 1012 2514 temporis
1037 2472 1085 2518 quo
1110 2457 1245 2507 describitur
1270 2459 1366 2507 inverse.
1408 2457 1526 2506 velocitas

248 2523 350 2570 sistentia
359 2538 413 2585 quse
423 2531 501 2570 ortum
508 2523 573 2570 ducit
580 2524 611 2572 ab
616 2521 698 2569 inertie
705 2521 871 2582 particularum
902 2518 967 2564 enim
976 2518 1099 2567 uniformis
1109 2530 1181 2570 estut
1191 2524 1292 2584 spatium
1339 2522 1461 2583 odctmque
1473 2520 1526 2568 des-

249 2585 315 2633 iluidi
324 2601 383 2648 quas
392 2601 475 2646 corpus
485 2597 575 2634 motum
586 2601 600 2632 e
610 2585 662 2632 loco
671 2585 773 2632 dimovet
787 2594 872 2647 etque
903 2582 1004 2642 criptum
1014 2583 1100 2632 directe
1110 2594 1134 2631 et
1144 2594 1236 2647 tempus
1246 2587 1309 2648 quoi
1334 2587 1434 2647 spatium
1440 2585 1526 2632 descri-

246 2650 274 2696 in
283 2650 433 2697 velocioribus
443 2649 545 2697 motibus
555 2648 604 2698 sola
614 2647 810 2696 ferdobsersatur.
902 2644 965 2691 bitur
981 2646 1078 2694 inser-sd.
1113 2649 1144 2695 ln
1159 2650 1238 2697 medio
1252 2660 1331 2697 autem
1341 2651 1389 2696 sive
1404 2649 1523 2696 resistente

279 2719 301 2762 9.
322 2713 403 2760 Altera
410 2712 596 2774 resistentisque
604 2727 632 2759 er
640 2712 761 2759 tenacitate
768 2711 869 2771 partium
904 2707 952 2755 slve
971 2725 1044 2756 vacuo
1060 2711 1166 2759 velocitas
1182 2728 1224 2772 per
1244 2713 1344 2774 spatium
1365 2711 1455 2759 infinite
1473 2727 1525 2772 par-

247 2776 313 2825 tluidi
323 2775 446 2825 uniformis
456 2776 564 2834 nascitur,
580 2785 686 2824 mostans
696 2783 738 2833 est,
755 2784 796 2823 aut
805 2774 869 2839 quod
901 2785 957 2817 vum
968 2773 1087 2836 aequabilis
1098 2784 1132 2821 est
1144 2776 1191 2838 (6.)

247 2841 309 2889 idem
318 2850 358 2894 est,
369 2841 604 2901 temporisnsomento
614 2839 797 2900 proportionalis,
806 2854 869 2885 eam-
935 2840 971 2882 12.
987 2841 1058 2885 corel.
1075 2844 1095 2886 1.
1117 2838 1183 2885 Hinc
1201 2840 1310 2899 temporis
1328 2848 1474 2887 momentum
1489 2848 1525 2887 cst

245 2906 326 2967 quein
337 2904 472 2951 tardissimis
481 2905 583 2951 motibus
590 2903 720 2951 sensibilem
728 2902 818 2949 faciunt
828 2917 868 2947 ex·
901 2906 929 2943 ut
944 2910 1088 2946 momentum
1104 2916 1145 2947 seu
1162 2900 1303 2950 clementum
1318 2903 1385 2963 spatii
1401 2902 1486 2951 directe
1500 2912 1525 2951 et

245 2969 379 3029 perimente.
416 2968 441 3014 Si
457 2968 520 3015 enim
530 2961 631 3027 partium
642 2964 708 3013 fluidi
724 2964 823 3012 cohaesio
838 2965 868 3012 sit
901 2961 1010 3009 velocitas
1019 2962 1122 3021 inverse
1138 2976 1284 3014 momentum
1295 2965 1350 3013 sero
1359 2966 1426 3027 spatii
1441 2975 1470 3013 ut
1484 2982 1524 3014 se·

246 3032 331 3093 ubique
342 3031 430 3087 cadero,
447 3032 469 3077 si
485 3030 587 3091 quddam
603 3028 753 3077 determinati
763 3043 823 3087 opus
833 3037 868 3075 est
900 3023 981 3071 locitas
992 3034 1015 3072 et
1025 3036 1169 3073 momentum
1181 3030 1290 3091 temporis
1300 3030 1450 3093 conjunctim.

245 3106 273 3143 ut
283 3104 357 3153 partes
372 3092 418 3139 tlte
434 3101 573 3152 separentur,
593 3090 728 3152 corporique
743 3092 866 3138 transitum
894 3091 898 3097 ’
932 3093 968 3135 15.
991 3093 1061 3138 Corol-
1081 3096 1103 3137 9.
1129 3091 1153 3137 si
1172 3092 1245 3155 igitur
1262 3094 1369 3140 velocitas
1390 3094 1480 3141 dicamr
1499 3108 1522 3152 r,

246 3160 370 3217 prebeant,
392 3155 538 3217 qudcumque
556 3155 651 3202 demum
668 3154 787 3201 velocitate
805 3154 866 3203 illud
897 3151 997 3211 spatium
1014 3152 1154 3214 descriptum
1170 3173 1189 3213 s,
1209 3167 1363 3219 tempusque
1378 3157 1521 3218 descriptum

244 3220 338 3275 seratur,
355 3229 379 3267 et
389 3218 442 3267 ided
452 3219 486 3265 sis
496 3218 536 3265 illa
546 3219 679 3265 resistentia·
690 3233 745 3265 cum
755 3218 778 3264 si
788 3220 864 3280 gravi-
999 3254 1005 3265 .
1097 3217 1135 3264 ds
1477 3220 1514 3265 ds

245 3286 298 3331 tatis
308 3283 426 3339 uniformi,
441 3298 493 3344 que
504 3282 605 3343 corporis
615 3282 757 3329 ascendentis
773 3291 864 3328 motum
897 3261 934 3299 ω
948 3262 959 3299 ²
973 3264 1016 3300 ‘¹¹‘
1026 3270 1040 3300 ⁹
1050 3273 1085 3301 ε
1096 3282 1141 3341 d-t'
1162 3257 1224 3306 'd‘
1239 3278 1273 3305 =
1287 3258 1409 3306 ‘held‘
1425 3278 1460 3305 ²
1477 3287 1520 3344 Ῥ

243 3347 349 3400 retardat,
367 3346 466 3393 conferri
481 3354 561 3405 potest.
594 3346 657 3392 Nam
673 3344 868 3405 corporaduosi-
900 3354 1045 3417 sumptique
1064 3353 1190 3405 fluemqms
1209 3357 1233 3404 s,
1252 3373 1266 3404 7
1282 3357 1299 3405 q
1314 3366 1325 3405 q
1339 3374 1406 3417 =⁸s
1426 3369 1449 3407 a
1465 3367 1475 3405 2
1492 3378 1528 3407 ξ

248 3410 312 3458 milia
322 3420 346 3459 et
355 3407 452 3472 aequalia
463 3424 516 3457 cum
528 3408 577 3469 peri
588 3407 788 3458 velocitateelocis
798 3408 867 3456 Cctc
937 3414 953 3460 d
964 3432 976 3462 s

896 3450 923 3501 8.
936 3483 983 3504 -.

933 3511 970 3605 tl.
992 3564 1064 3609 Corui.
1082 3569 1105 3612 3.
1134 3566 1208 3614 stite
1228 3568 1342 3628 descripta
1361 3567 1431 3616 fuerit
1451 3583 1522 3616 curra

903 3622 1231 3690 BPCutejusapplicata
1248 3631 1520 3693 MP,mp,ariAD,
1614 3653 1621 3664 =

898 3686 1020 3743 normales,
1038 3704 1156 3750 esponmt
1166 3694 1309 3743 velocitatem
1320 3712 1342 3752 v,
1359 3694 1522 3743 adnisas

228 4338 859 4403 perlineasCE,cs,adrectachnormalespro·
1424 4375 1433 4384 ,

227 4406 345 4469 jiciantur‚
363 4416 386 4455 et
401 4409 426 4455 in
443 4408 499 4455 locis
514 4404 581 4469 eque
596 4403 649 4451 altis
662 4404 684 4449 A
696 4412 720 4450 et
729 4418 750 4459 a,
769 4404 791 4450 B
803 4406 860 4459 etb,
1159 4388 1231 4445 ΜἸΙΙ
1402 4393 1432 4447 D

235 4471 300 4519 Det
317 4471 340 4527 d,
363 4472 406 4518 Ac.
430 4470 543 4532 equalem
559 4467 676 4530 patiantur
691 4466 860 4523 resistentiam
910 4478 914 4484 ’

216 4550 316 4595 ,corpus
333 4533 428 4597 quidem
448 4536 467 4581 C
490 4532 639 4580 resistentiam
657 4530 788 4591 experiatur
806 4545 820 4575 a
839 4531 862 4575 si
895 4540 984 4591 puncto
999 4531 1046 4579 liro
1065 4533 1089 4578 A
1104 4541 1204 4593 sumpte
1224 4535 1247 4580 A
1260 4534 1297 4592 M,
1318 4536 1377 4583 Am
1393 4545 1519 4598 201„me

233 4598 351 4659 gravitatis
367 4607 486 4647 constante
504 4602 567 4657 (que
583 4594 607 4640 in
624 4595 680 4640 locis
693 4596 724 4650 A,
739 4594 769 4649 B,
783 4593 818 4648 D,
832 4593 861 4647 R
895 4604 1045 4657 erectumque
1051 4597 1081 4642 sit
1087 4596 1280 4655 perpendiculum
1292 4600 1431 4647 ABcurse
1438 4617 1517 4650 occur-

232 4666 274 4711 dc.
288 4661 381 4711 tantum
393 4660 458 4727 agat)
470 4659 602 4716 oriundam,
613 4671 697 4719 corpus
707 4654 762 4706 vero
772 4672 785 4704 c
795 4656 862 4704 rosis·
895 4672 949 4706 tens
960 4658 985 4705 in
997 4660 1027 4717 B,
1038 4674 1093 4707 area
1105 4661 1127 4706 A
1138 4660 1161 4707 B
1171 4660 1193 4709 Ρ
1203 4662 1234 4709 Μ
1244 4663 1340 4723 exponit
1348 4664 1448 4724 qucum
1457 4678 1517 4713 tem.
