3275 5650
279 423 344 481 212
515 493 521 516 Ι
600 413 940 485 PHILOSOPHIAE
963 355 1235 480 NATURALIS
1289 410 1565 494 [Monconror.

278 598 363 650 trum
375 584 545 663 foraminis,
562 597 595 649 et
610 585 643 650 G
659 585 697 648 H
710 583 777 647 axis
792 582 925 668 cylindri
938 582 1092 646 horizonti
1106 581 1381 666 perpendicularis.
1420 581 1463 645 Et
1478 580 1563 668 finge

276 695 453 780 cylindrum
467 694 577 780 glaciei
593 695 624 757 A
640 693 668 756 P
681 692 714 768 Q
730 694 758 757 Β
773 693 911 777 ejusdem
927 715 993 756 esse
1008 693 1180 756 latitudinis
1195 715 1267 755 cum
1281 692 1412 758 cavitate
1426 692 1519 768 vasis,
1536 705 1566 756 et

279 828 370 868 axem
386 805 536 868 eumdem
557 802 684 880 habere,
716 816 748 866 et
769 803 915 866 uniformi
939 827 1010 868 cum
1032 817 1119 868 motu
1142 816 1293 888 perpetuo
1313 803 1512 882 descendere,
1536 816 1565 868 et

277 928 382 999 partes
408 916 473 998 ejus
495 913 745 997 quamprimum
767 913 924 998 attingunt
946 912 1141 995 superficiem
1163 913 1194 974 A
1219 912 1246 975 B
1269 911 1449 996 liquescere,
1480 911 1565 976 etin

250 1032 252 1037 ’
277 1033 390 1109 aquarn
404 1043 568 1100 conversas
582 1022 734 1110 gravitate
749 1020 803 1085 sui
818 1021 956 1086 defluere
971 1024 1004 1085 in
1018 1046 1089 1098 vas3
1114 1036 1146 1120 et
1167 1008 1354 1087 cataractam
1375 1025 1426 1087 vel
1447 1024 1565 1088 colum-

278 1156 351 1198 nam
364 1154 454 1219 aquae
470 1115 546 1195 ΑΒ
562 1133 594 1194 Ν
611 1133 637 1195 F
653 1132 683 1196 Ε
699 1131 738 1195 Μ
754 1131 897 1195 cadendo
910 1131 1055 1209 formare,
1070 1143 1103 1195 et
1116 1155 1174 1216 per
1184 1132 1323 1196 foramen
1340 1134 1368 1198 E
1381 1131 1407 1196 F
1422 1133 1563 1212 transire,

277 1240 422 1323 idemque
443 1238 605 1325 adaequatd
627 1238 767 1322 implere.
814 1237 863 1301 Ea
884 1237 958 1301 vero
980 1239 1019 1302 sit
1039 1237 1200 1302 uniformis

280 1345 426 1408 velocitas
447 1345 557 1430 glaciei
571 1345 788 1432 descendentis
804 1356 839 1408 ut
853 1357 885 1410 et
898 1367 988 1433 aquae
1004 1346 1158 1432 contiguae
1172 1347 1205 1408 in
1256 1372 1289 1430 Pi
1504 1361 1539 1441 qo,

278 1455 396 1517 circulo
411 1453 443 1517 A
459 1454 497 1529 Β,
522 1475 615 1538 quam
630 1475 710 1538 aqua
727 1453 868 1516 cadendo
891 1452 924 1537 (Ι)
942 1465 974 1517 et
988 1475 1062 1516 casii
1077 1475 1133 1516 suo
1147 1453 1203 1516 de-
1504 1446 1510 1460 ’

278 1560 443 1624 scribendo
452 1558 646 1623 altitudinem
658 1559 676 1622 Ι
689 1558 726 1623 H
735 1561 894 1645 acquirere
904 1572 1024 1644 potest;
1040 1573 1072 1625 et
1075 1563 1200 1645 jaceant
1415 1616 1419 1630 ‚

279 1670 297 1733 Ι
314 1669 351 1732 Η
367 1682 398 1732 et
415 1669 451 1733 H
467 1669 500 1733 G
515 1670 549 1732 iii
562 1669 725 1746 directum,
749 1679 781 1730 et
793 1688 852 1750 per
871 1679 1024 1751 punctum
1039 1668 1056 1731 I
1072 1667 1203 1731 ducatur
1247 1645 1404 1777 {¹
1402 1713 1481 1724 -----------
1482 1652 1548 1776 ἐξ,

260 1777 263 1782 ’
280 1789 366 1840 recta
382 1777 415 1840 K
431 1777 460 1839 L
476 1775 631 1838 horizonti
644 1775 793 1859 parallelo
807 1785 839 1837 et
852 1774 1000 1838 lateribus
1022 1775 1132 1860 glaciei
1150 1796 1203 1836 oc·
1292 1751 1393 2158 NI

278 1907 407 1947 currens
420 1885 453 1946 in
470 1884 503 1947 K
513 1895 546 1946 et
561 1882 601 1948 L.
648 1883 691 1946 Et
704 1881 851 1945 velocitas
866 1903 956 1967 aquae
976 1881 1128 1944 effluentis
1147 1903 1205 1964 per
1296 1939 1343 1982 ,M

279 1990 418 2053 foramen
435 1990 464 2053 E
481 1990 507 2052 F
530 1990 569 2072 (Β)
585 2013 623 2052 ea
637 1990 696 2052 erit
713 2010 807 2074 quam
830 2010 910 2072 aqua
932 1986 1074 2050 cadendo
1088 1987 1128 2050 ab
1143 1987 1159 2049 Ι
1174 1998 1205 2050 et

278 2115 352 2155 casu
385 2115 443 2156 suo
475 2092 679 2154 describendo
706 2093 903 2157 altitudinem
936 2094 953 2157 I
977 2093 1009 2158 G
1041 2095 1202 2181 acquirere

277 2211 390 2282 potest
428 2198 466 2282 (¹¹)
484 2199 623 2284 ldet‘ique
637 2222 694 2282 per
706 2200 916 2264 Theoremata
931 2200 1056 2265 Galilaei
1071 2201 1129 2264 erit
1144 2201 1206 2265 IG
1266 2207 1285 2254 ⁰
1351 2181 1443 2238 ΕΜ
1497 2205 1526 2246 1’

278 2306 351 2369 adl
368 2306 405 2368 Η
421 2306 452 2366 in
468 2304 625 2387 duplicati
648 2307 767 2370 ratione
787 2309 959 2371 velocitatis
982 2330 1070 2394 aquae
1084 2331 1141 2391 per
1156 2308 1204 2370 fo·

214 2467 218 2474 .
278 2435 387 2476 raineri
403 2412 555 2476 effluentis
571 2413 610 2476 ad
626 2414 819 2479 velocitatem
834 2417 924 2501 aquae
938 2418 971 2479 in
986 2417 1102 2480 circulo
1118 2419 1147 2480 A
1164 2418 1202 2496 Β,
1218 2417 1279 2481 hoc
1290 2428 1346 2496 est,
1362 2417 1396 2480 in
1411 2410 1563 2497 duplicati

278 2521 400 2582 ratione
415 2519 522 2581 circuli
537 2520 568 2581 A
581 2520 610 2582 B
624 2520 665 2583 ad
680 2520 831 2584 circulum
847 2515 876 2586 E
893 2523 919 2585 F
927 2546 936 2598 ;
960 2521 992 2607 (¹)
1008 2546 1081 2586 narn
1096 2524 1130 2586 hi
1144 2524 1251 2588 circuli
1271 2536 1344 2587 sunt
1358 2521 1516 2605 reciproce
1529 2533 1563 2582 ut

278 2629 457 2693 velocitates
472 2650 623 2713 aquarum
639 2652 709 2714 quae
722 2652 780 2713 per
801 2631 885 2714 ipsos
908 2632 1016 2694 eodem
1038 2645 1177 2715 ternpore
1197 2644 1228 2697 et
1249 2631 1363 2717 aequali
1386 2632 1562 2716 quantitate,

262 2733 442 2820 adaequatd
461 2746 633 2798 transeunt·
677 2736 731 2799 De
752 2737 913 2802 velocitate
935 2761 1025 2825 aquae
1046 2739 1239 2803 horizontem
1260 2736 1367 2803 veisiis
1387 2739 1440 2803 hic
1456 2741 1563 2826 agitur.

281 2845 325 2909 Et
337 2858 441 2909 motus
456 2845 610 2908 horizonti
624 2846 800 2929 parallelus,
824 2870 887 2933 quo
900 2863 1004 2932 partes
1019 2871 1109 2935 aquae
1124 2850 1261 2913 cadentis
1277 2851 1317 2914 ad
1332 2850 1465 2913 invicem
1480 2868 1563 2909 acce-

280 2955 369 3031 dunt,
386 2953 457 3015 crim
472 2949 537 3016 non
552 2953 669 3016 oriatur
684 2978 703 3016 a
716 2956 876 3040 gravitate,
899 2978 957 3021 nec
971 2968 1091 3020 motum
1111 2956 1265 3021 horizonti
1278 2954 1564 3040 perpendicularem

279 3084 299 3123 a
312 3060 464 3145 gravitate
479 3058 648 3122 oriundum
661 3071 769 3136 mutet,
794 3060 924 3124 hicnon
940 3063 1161 3126 consideratur.
1208 3062 1419 3146 Supponimus
1442 3060 1564 3145 quidem

281 3168 366 3252 quod
379 3179 485 3250 partes
501 3188 591 3251 aquai
606 3166 831 3254 aliquantulum
846 3170 1014 3249 cohaerent,
1031 3183 1063 3235 et
1075 3194 1134 3256 per
1149 3172 1356 3236 cohaesionem
1378 3186 1466 3235 suam
1486 3170 1564 3232 inter

282 3377 442 3440 logerithuiici
453 3378 521 3441 cujus
530 3381 809 3448 subtangensestunitas,
830 3382 909 3431 rolin
941 3384 1022 3432 eadem
1042 3400 1109 3447 tique
1129 3386 1245 3447 quantitas
1265 3384 1429 3447 persingulas
1448 3390 1563 3431 maram

282 3440 410 3503 hyperbole
419 3444 488 3505 cujus
498 3443 599 3505 dignitas
609 3456 644 3491 est
656 3451 667 3490 l
675 3462 684 3503 3
700 3448 798 3493 habetur
805 3447 862 3509 ergd
872 3448 907 3495 lo-
941 3459 1054 3495 sectiones
1064 3450 1102 3495 axi
1115 3450 1128 3497 1
1142 3452 1165 3497 G
1176 3450 1386 3509 perpendiculares,
1403 3464 1446 3495 seii
1461 3462 1503 3507 per
1517 3447 1565 3493 sin·

812 3512 910 3574 ,T4t
941 3513 1009 3575 gulos
1019 3514 1117 3559 circulos
1130 3515 1153 3559 A
1167 3515 1197 3571 B,
1211 3515 1240 3559 Μ
1253 3514 1284 3565 Ν.
1298 3514 1319 3559 E
1333 3513 1476 3559 Fhorizonti
1492 3510 1564 3571 paml-

284 3543 800 3608 garithmusquaesitus,silogarithmusnume
830 3576 907 3635 -Τ
942 3576 999 3621 lelos
1019 3574 1101 3623 eodem
1122 3586 1226 3637 tempo„
1247 3586 1352 3623 transeat,
1389 3577 1454 3623 Nam
1474 3576 1495 3621 si
1512 3574 1565 3620 dato

283 3658 313 3691 ex
324 3646 410 3693 tabulis
425 3657 533 3707 sumptus
547 3648 714 3709 multiplicetur
728 3665 770 3709 per
785 3666 910 3698 numerum
942 3648 1045 3699 tempore
1061 3642 1135 3703 major
1146 3642 1184 3700 rel
1193 3641 1270 3687 minor
1280 3656 1346 3702 aquae
1357 3641 1423 3700 copia
1438 3654 1479 3699 per
1493 3638 1565 3684 circii-

285 3715 308 3767 2,
318 3715 518 3761 302585092994.
942 3702 993 3749 lum
1012 3704 1070 3750 AB
1086 3703 1156 3764 qudm
1173 3719 1213 3763 per
1231 3704 1344 3751 circulum
1362 3705 1391 3751 M
1405 3704 1428 3750 N
1444 3702 1564 3757 transirem

317 3774 349 3835 (r)
363 3779 375 3805 ι
388 3778 420 3825 Ε,
428 3791 485 3823 m„
493 3792 534 3823 m,
542 3778 687 3823 ,impendo
695 3780 841 3827 ,pm-mm
851 3782 868 3827 Ῑ
874 3780 907 3827 Η,
943 3782 1002 3827 aqua
1018 3767 1078 3813 inter
1088 3767 1140 3814 illos
1150 3768 1247 3815 circulos
1258 3766 1295 3814 vel
1304 3768 1467 3813 intumesceret
1477 3765 1514 3811 vel
1525 3764 1564 3810 de·

288 3836 344 3885 rite
361 3838 434 3900 igitur
451 3840 573 3901 hypothesi
591 3839 654 3889 idem
672 3851 793 3899 praestatur
808 3856 836 3889 gc
852 3842 871 3889 si
887 3843 912 3889 in
943 3840 1060 3887 cresceret,
1077 3840 1100 3877 et
1116 3826 1234 3878 catiraetae
1250 3832 1350 3893 liguram
1363 3840 1465 3877 mutaret
1476 3826 1566 3893 (contri

285 3900 337 3948 loco
350 3904 371 3947 A
384 3902 474 3949 Bnova
481 3903 612 3977 superficies
623 3918 691 3964 aque
701 3904 812 3954 continud
824 3922 911 3953 creare-
945 3893 1033 3955 Hyp·)·
1055 3896 1179 3949 Quantitas
1189 3911 1254 3957 aquae
1266 3910 1307 3955 per
1318 3894 1431 3942 circulum
1442 3892 1566 3967 quemlibet

286 3976 331 4022 tur,
343 3981 397 4012 cuin
409 3975 473 4013 motu
485 3967 569 4012 initiali
576 3966 669 4027 qualem
679 3967 784 4015 cadendo
794 3986 824 4016 ex
832 3971 909 4016 altitu·
944 3956 973 4003 Μ
987 3958 1018 4011 N,
1039 3958 1093 4005 (law
1111 3968 1213 4018 temimre
1231 3958 1324 4005 fluentis
1343 3966 1448 4019 &quatur
1463 3955 1566 4029 cyllndm

285 4028 340 4075 dine
352 4028 366 4075 Ι
377 4030 404 4075 Η
415 4028 508 4091 singula
517 4030 568 4091 ejus
578 4030 707 4089 superliciei
714 4032 826 4091 particula
834 4032 911 4094 acqui·
942 4036 1023 4082 ⁸¹l¹¹⁶⁰i
1042 4024 1109 4084 cujus
1119 4024 1179 4096 basi}
1189 4032 1223 4096 ⁸⁸⁶.
1233 4022 1333 4068 circulus
1346 4024 1372 4069 M
1387 4022 1419 4078 N,
1436 4018 1565 4095 eim·

285 4107 336 4142 rere
346 4093 463 4152 potuisset,
481 4101 505 4140 et
520 4093 604 4141 deinde
619 4096 740 4153 particuloe
754 4112 845 4158 aqum
860 4097 912 4143 1000
933 4092 978 4131 'est
996 4088 1090 4147 aequalis
1108 4085 1249 4149 longitudini
1267 4100 1337 4147 quam
1354 4084 1487 4145 superficies
1501 4096 1565 4143 tiquae

287 4156 311 4202 A
325 4158 347 4202 B
359 4157 381 4202 ii
396 4157 495 4216 proprie
510 4156 630 4219 gravitatis
644 4156 748 4206 cadendo
763 4164 811 4206 mu
828 4156 912 4207 mutua
945 4148 975 4195 M
987 4150 1019 4202 N,
1036 4164 1091 4197 cuin
1101 4150 1221 4197 velocitate
1236 4148 1347 4211 acquisiti
1357 4148 1503 4195 uniformiter
1512 4160 1564 4205 pro·

219 4242 225 4254 .
286 4220 426 4266 „inherent
436 4220 609 4268 mimante,-
623 4220 653 4267 ad
669 4231 807 4269 mmmm
823 4223 858 4269 vel
875 4238 913 4271 ω.
945 4212 1072 4273 grediendo
1090 4214 1172 4260 eodem
1189 4222 1291 4273 tempore
1307 4212 1362 4259 dato
1377 4212 1527 4266 describeret;
1544 4216 1568 4254 et

286 4280 391 4329 lumnam
405 4285 428 4330 A
442 4285 464 4332 B
478 4285 503 4331 N
516 4284 537 4331 F
549 4286 572 4331 E
585 4285 616 4331 M
632 4285 784 4333 sunamidem.
827 4320 831 4324 .
946 4276 1068 4337 longitudo
1083 4276 1124 4323 illa
1140 4286 1174 4323 est
1188 4286 1216 4323 ut
1231 4292 1297 4338 equae
1313 4291 1354 4336 per
1371 4276 1485 4323 circulum
1501 4274 1529 4319 M
1541 4271 1567 4317 N

317 4363 806 4431 <aaronem
1054 4336 1569 4455 :tutent

287 4450 519 4566 XQIJIJZQ
549 4474 594 4520 1²⁶⁷
634 4460 782 4506 ΤΜΜΜΜ
824 4458 916 4506 Galiloet'
947 4418 982 4512 iil
1001 4418 1146 4514 utphirculus
1165 4468 1195 4541 Μ
1208 4469 1231 4514 Ν
1251 4476 1274 4515 et
1286 4468 1397 4541 uelocitas
1403 4419 1567 4540 pionjqnctim.

318 4586 350 4650 (¹)
362 4591 417 4634 271.
436 4592 505 4637 Nam
515 4552 636 4649 liittreuli,
647 4593 690 4641 &c
722 4592 842 4647 Quoniam
853 4608 915 4654 aqua
946 4527 1571 4655 ciiiildscddtloddeiidhigliaiiihadnhqsitirhedliiAMssM

285 4664 326 4711 per
342 4659 416 4697 totam
434 4660 571 4700 cataracmm
592 4659 616 4703 A
631 4657 652 4701 B
666 4656 691 4702 N
703 4656 724 4704 F
736 4658 759 4703 E
772 4657 809 4714 M,
832 4657 914 4703 eodem
946 4666 981 4703 est
991 4657 1106 4719 reciproce
1121 4667 1149 4705 ut
1164 4658 1272 4707 velocitas
1286 4674 1353 4722 aquai
1368 4672 1423 4721 quer
1438 4672 1479 4719 per
1493 4656 1571 4716 ipsun

283 4728 376 4775 semper
385 4723 466 4762 teiiore
482 4714 554 4763 fluere
569 4719 716 4778 supponitur,
733 4734 828 4767 necesse
837 4729 872 4768 est
888 4728 915 4768 ut
946 4721 1034 4769 transit.
1071 4722 1102 4776 Q.
1116 4738 1136 4769 e.
1150 4722 1173 4767 d.
