3275 5650
257 424 319 487 266
570 426 909 491 PHILOSOPHIAE
932 425 1204 493 NATURALIS
1257 428 1366 507 [Mor.
1384 428 1539 539 Cpnrou.

255 592 418 679 propagati
429 614 494 656 sese
509 575 681 660 dilatabunt
696 594 736 656 ad
750 593 856 670 latera,
872 617 929 678 per
942 595 1188 678 Propositionem
1203 596 1447 681 praecedentem
1470 611 1539 662 eta

256 718 386 781 corpore
402 698 455 761 illo
470 699 602 761 tremulo
618 712 764 783 tanquam
780 714 887 763 centro
902 701 1067 777 communi,
1085 702 1255 766 secuudum
1271 702 1445 784 superficies
1459 725 1538 787 pro-

255 804 422 887 pemodum
438 804 604 887 sphaericas
620 817 651 869 et
665 808 884 883 concentrlcas,
907 808 1045 891 undique
1061 807 1327 893 propagabuntur.
1371 801 1466 891 Cujus
1488 810 1540 872 rei

255 910 432 991 exemplum
454 910 580 994 aliquod
601 909 753 975 habemus
771 912 803 974 in
826 912 926 989 undis,
950 936 1021 997 quae
1035 914 1061 977 si
1075 914 1174 999 digito
1195 913 1330 976 tremulo
1352 915 1540 994 excitentur,

252 1039 317 1079 non
333 1017 433 1080 solum
448 1020 581 1105 pergent
594 1019 667 1081 hinc
682 1020 755 1084 inde
770 1023 942 1085 secundum
956 1023 1081 1109 plagam
1094 1035 1197 1087 motus
1213 1024 1313 1110 digiti,
1338 1024 1403 1101 sed,
1419 1026 1540 1114 inmo·

255 1122 330 1185 dnm
344 1122 533 1187 circulorum
554 1117 830 1203 concentriconim,
853 1127 985 1213 digitum
999 1129 1103 1193 statim
1121 1129 1247 1215 cingent
1259 1143 1291 1192 et
1305 1130 1444 1215 undique
1462 1154 1540 1214 pro-

253 1228 459 1313 pagabuntur.
505 1227 588 1292 Nam
602 1230 737 1316 gravitas
750 1231 905 1295 undarum
920 1234 1045 1317 supplet
1058 1233 1162 1297 locum
1176 1235 1221 1297 vis
1237 1234 1380 1297 elasticae.

298 1338 367 1399 Cas·
384 1345 414 1399 2.
439 1336 478 1422 (¹¹)
495 1318 592 1413 Quod
608 1338 633 1399 si
647 1339 784 1401 medium
798 1340 917 1403 nonsit
936 1342 1113 1405 elasticum:
1137 1343 1283 1427 quoniam
1305 1343 1370 1425 ejus
1391 1355 1496 1426 partes
1518 1367 1541 1406 a

131 1494 133 1502 .
254 1444 390 1525 corporis
406 1442 530 1505 tremuli
545 1443 683 1525 partibus
698 1444 825 1507 vibratis
838 1467 955 1527 pressae
969 1447 1153 1509 condensari
1162 1462 1330 1532 nequeunt,
1346 1451 1546 1535 propagabi-'
1630 1489 1632 1494 -

252 1566 303 1616 tur
324 1564 426 1615 motus
448 1552 482 1613 in
503 1551 629 1613 instanti
650 1551 691 1613 ad
711 1563 815 1634 partes
837 1553 892 1615 ubi
912 1554 1050 1617 medium
1065 1552 1207 1617 facillime
1223 1553 1313 1630 cedit,
1336 1553 1398 1617 hoc
1413 1569 1471 1632 est,
1495 1557 1537 1619 ad

252 1676 355 1745 partes
378 1685 454 1747 quas
476 1682 588 1745 corpus
610 1661 777 1725 tremulum
797 1662 912 1749 alioqui
933 1684 1045 1726 vacuas
1060 1686 1079 1726 a
1093 1675 1182 1753 tergo
1201 1661 1400 1747 relinqueret.
1445 1664 1537 1729 Idem

253 1782 299 1833 est
314 1793 402 1833 casus
417 1790 489 1833 cum
504 1792 578 1845 casu
600 1769 739 1853 corporis
754 1771 786 1836 in
800 1771 905 1834 medio
921 1780 1112 1857 ‘quocunque
1133 1773 1273 1856 projecti.
1295 1804 1298 1810 ·
1318 1772 1461 1836 Medium
1483 1796 1536 1837 ce-

253 1878 356 1943 dendo
369 1878 590 1965 projectilibus,
606 1900 670 1941 non
685 1878 801 1942 recedit
814 1880 848 1953 in
862 1880 1017 1944 infinitum
1025 1905 1034 1956 ;
1051 1881 1153 1944 sedin
1168 1882 1318 1944 circulum
1334 1882 1444 1959 eund0,
1460 1904 1534 1965 per-

252 1986 298 2071 git
312 1986 352 2048 ad
367 1986 466 2069 spatia
481 2007 551 2071 quae
565 2007 678 2069 corpus
694 1984 841 2070 relinquit
854 2009 874 2049 a
888 1997 985 2072 tergo,
1030 1986 1130 2071 Igitur
1144 1987 1265 2070 quoties
1286 2009 1397 2069 corpus
1417 1999 1534 2067 tremu-

182 2163 188 2180 ,
252 2094 318 2156 lum
331 2092 435 2181 pergit
448 2072 480 2155 in
495 2104 615 2175 partem
630 2113 854 2177 quamcunque,
877 2092 1016 2155 medium
1030 2091 1170 2155 cedendo
1191 2106 1302 2179 perget
1315 2114 1372 2175 per
1385 2093 1536 2156 circulum

253 2202 293 2264 ad
308 2214 412 2284 partes
428 2223 504 2286 quas
527 2221 639 2282 corpus
658 2199 819 2284 relinquit3
846 2211 878 2262 et
899 2198 1018 2285 quoties
1040 2222 1153 2285 corpus
1174 2201 1350 2289 regreditur
1371 2202 1411 2265 ad
1432 2201 1537 2265 locum

252 2308 398 2391 priorem,
414 2291 551 2369 medium
565 2305 638 2369 inde
652 2305 818 2389 repelletur
833 2318 864 2369 et
878 2306 919 2369 ad
933 2306 1037 2370 locum
1052 2329 1143 2369 snum
1163 2308 1301 2391 priorem
1323 2307 1444 2371 redibit
1490 2309 1536 2371 Et

197 2402 201 2411 ’
252 2411 390 2497 quamvis
405 2431 518 2492 corpus
532 2408 700 2473 tremulum
714 2431 778 2471 non
793 2409 833 2473 sit
846 2410 981 2487 firmum,
1005 2411 1060 2473 sed
1081 2411 1181 2475 modis
1204 2412 1348 2476 omnibus
1370 2412 1483 2488 fiexile,
1509 2411 1535 2476 si

251 2531 356 2582 tamen
370 2516 584 2602 magnitudine
607 2515 714 2578 datum
735 2527 869 2592 maneat,
897 2518 1043 2602 quoniam
1064 2517 1248 2579 tremoribus
1264 2518 1326 2580 suis
1342 2519 1449 2603 nequit
1470 2541 1537 2582 me-

252 2627 338 2690 dium
353 2625 452 2689 ubivis
468 2646 589 2711 urgere,
613 2626 688 2710 quin
703 2625 776 2689 alibi
791 2626 892 2689 eidem
908 2627 999 2690 simul
1014 2626 1119 2703 cedat3
1142 2628 1253 2691 efficiet
1268 2640 1302 2690 ut
1316 2628 1462 2704 medium,
1478 2651 1536 2691 re·

252 2735 392 2799 cedendo
406 2758 424 2797 a
438 2733 577 2816 partibus
593 2733 646 2796 ubi
660 2734 820 2816 premitur,
843 2747 953 2821 pergat
974 2758 1096 2819 semper
1110 2736 1143 2798 in
1159 2737 1267 2801 orbem
1281 2736 1322 2799 ad
1335 2749 1441 2820 partes
1463 2761 1535 2824 quae

242 2834 354 2928 “eidem
368 2842 492 2922 cedunt.
538 2843 581 2918 Q.
597 2864 623 2906 e.
639 2841 671 2906 d.

295 2936 396 3041 Corui.
430 2939 673 3012 Hallucinantur
694 2950 789 3036 igitur
805 2952 858 3037 qui
872 2941 1003 3017 credunt
1024 2954 1223 3040 agitationem
1243 2956 1380 3039 partium
1397 2955 1535 3018 flammae

252 3054 292 3118 ad
300 3054 503 3138 pressionem,
518 3076 576 3137 per
586 3054 724 3118 medium
733 3056 883 3134 ambiana,
899 3058 1068 3122 secundum
1078 3059 1175 3122 lineas
1187 3071 1286 3126 rectas
1295 3060 1535 3146 propagandum

251 3158 437 3250 conducere.
482 3159 622 3223 Debebit
643 3161 794 3244 ejusmodi
818 3164 937 3248 pressio
959 3187 1024 3227 non
1051 3166 1091 3228 ab
1119 3167 1286 3254 agitatione
1309 3165 1374 3231 soli
1399 3168 1536 3251 partium

253 3267 397 3342 flammae‚
414 3267 470 3332 sed
484 3291 503 3332 a
517 3269 612 3332 totius
627 3269 806 3336 dilatatione
821 3272 962 3337 derivari.

439 3593 720 3659 PROPOSITIO
744 3593 885 3694 xum
913 3593 1182 3658 THEOREMA
1204 3593 1352 3659 XXXV.

253 3787 289 3850 Si
304 3803 384 3868 aqna
400 3789 433 3848 in
447 3789 564 3851 canaiis
585 3787 719 3850 cruribus
738 3789 843 3850 erectis
858 3785 890 3849 K
906 3787 945 3862 L,
962 3785 1001 3849 M
1017 3786 1050 3849 N
1070 3789 1180 3851 nicibtrs
1201 3790 1328 3851 alternis
1345 3749 1486 3856 absentiat
1506 3789 1537 3850 et

298 3897 474 3968 descendat,-
500 3906 689 3960 constrnctur
709 3907 806 3960 autem
824 3898 987 3978 pendulum
1010 3895 1091 3978 cujus
1115 3899 1269 3980 iongitudo
1294 3899 1374 3959 inter
1392 3905 1536 3976 punctum

295 4005 493 4086 mspmsionis
507 4015 537 4066 et
550 4014 681 4068 centrum
696 3999 898 4070 oscitationis*
912 4016 1043 4088 aeqnetm
1058 4007 1170 4070 remissi
1188 4009 1386 4090 longitudinis
1400 4025 1488 4088 aquoe
1502 4006 1535 4066 in

295 4117 399 4176 canali
408 4096 428 4175 :¹
445 4115 511 4177 dico
531 4117 610 4196 qnod
629 4135 710 4198 aqua
732 4118 870 4180 ascendet
889 4125 919 4178 et
939 4118 1091 4179 demenda
1112 4119 1216 4180 iisdem
1237 4116 1414 4199 tenporibus
1433 4117 1538 4199 quidm

291 4225 454 4302 pendulum
468 4225 630 4286 oscillatnr.

279 4501 280 4504 Ἴ
298 4409 542 4496 Longitudinem
557 4435 645 4500 aquae
660 4435 806 4477 mensuro
822 4414 992 4477 secundum
1007 4436 1080 4477 axes
1092 4414 1206 4477 canalia
1216 4427 1248 4478 et
1258 4437 1394 4490 crurum,
1405 4413 1536 4476 eandem

258 4535 387 4580 summae
401 4516 513 4581 horum
529 4521 634 4582 axium
644 4519 814 4605 aequand03
831 4529 862 4582 et
870 4519 1074 4583 resistentiam
1085 4542 1183 4605 aquae,
1194 4541 1264 4604 quae
1273 4520 1371 4584 oritur
1382 4520 1422 4583 ab
1431 4517 1537 4582 attritu

519 4715 556 4778 (ἢ)
569 4721 582 4748 ·
598 4720 663 4770 Quod
674 4719 805 4766 rinredium
815 4713 955 4763 caudunum
965 4712 995 4762 sit
1005 4721 1029 4761 et
1038 4730 1087 4764 nnn
1097 4715 1219 4772 ductim
1229 4713 1272 4762 &to
