3275 5650
114 436 220 501 Ltarn
238 436 400 511 Saeuum]
444 424 683 493 PRINCIPIA
714 416 1085 488 MATHEMATICA.
1323 417 1386 481 sto·

112 608 241 673 rediens.
288 604 331 669 m
345 602 455 669 eodem
471 596 692 685 argumentosi
707 595 806 658 rarius
821 592 870 669 sit,
893 590 1020 655 accedet
1034 590 1075 653 ad
1089 600 1239 672 centrum.
1285 585 1386 671 Igitur

112 738 172 781 non
186 713 301 779 redibit
315 714 348 775 in
363 708 499 775 eundem
513 707 622 771 orbern
634 704 695 767 nisi
709 703 749 765 sit
769 699 907 786 ejusdem
929 697 1088 761 densitatis
1103 716 1174 758 cum
1187 691 1294 755 fluido.
1339 690 1389 755 Eo

112 836 212 887 autem
226 823 260 883 in
272 842 346 883 casu
360 832 519 881 ostensum
541 824 596 890 est,
621 810 707 897 quod
728 808 937 873 revolveretur
959 803 1069 868 eidem
1082 803 1152 889 lege
1166 822 1236 865 cum
1250 798 1389 884 partibus

110 932 195 997 fluidi
209 954 229 994 a
242 941 349 995 centro
364 926 488 990 vorticis
503 922 663 1009 aequaliter
677 916 873 983 distantibus.
919 914 961 987 Q.
972 934 999 975 e.
1015 911 1047 975 d.

152 1038 250 1103 Corui.
269 1045 297 1098 l.
321 1034 409 1119 Ergo
424 1030 558 1093 solidum
572 1026 658 1115 quod
672 1027 705 1088 in
716 1022 833 1111 vottice
846 1019 1016 1083 revolvitur
1028 1028 1061 1081 et
1074 1015 1108 1078 in
1122 1013 1258 1079 eundem
1278 1010 1387 1075 orbem

111 1165 231 1229 semper
245 1140 336 1218 redit,
353 1136 480 1202 relative
495 1136 626 1223 quiescit
639 1134 672 1197 in
686 1131 784 1196 fluido
798 1128 850 1193 cui
863 1129 991 1190 innatat.

154 1252 253 1315 Corol.
270 1256 300 1312 2.
324 1248 367 1311 Et
381 1246 407 1310 si
422 1256 532 1309 vortex
547 1244 585 1307 sit
598 1239 703 1326 quoad
716 1236 901 1303 densitatem
916 1228 1087 1306 uniformis,
1109 1248 1222 1311 eorpus
1243 1225 1327 1289 idem
1347 1222 1389 1285 ad

110 1348 279 1445 quambbet
292 1347 429 1419 acentrti
442 1350 567 1415 vorticis
582 1345 760 1413 distantiam
773 1340 891 1407 revolvi
904 1349 1018 1423 potest.

674 1577 830 1644 Scholium.

156 1738 245 1803 Hinc
258 1735 354 1820 liquet
368 1732 507 1817 planetes
522 1752 541 1793 a
554 1726 722 1792 vorticibus
736 1718 894 1807 corporeis
908 1738 973 1779 non
987 1713 1111 1779 deferri.
1156 1711 1240 1775 Nam
1259 1707 1393 1792 planetae

113 1842 284 1909 secundum
312 1838 498 1925 hypothesin
523 1832 759 1918 Copernicaeam
784 1828 867 1893 circa
897 1821 1002 1887 Solent
1026 1818 1120 1883 delati
1140 1816 1341 1880 revolvuntur
1360 1812 1394 1875 in

113 1950 272 2035 ellipsibus
281 1945 462 2010 umbilicum
471 1940 657 2006 habentibus
669 1939 702 2000 in
712 1936 796 2013 Sole,

114 2073 146 2127 et
167 2058 262 2121 radiis
277 2054 317 2118 ad
333 2053 439 2118 Solem
458 2048 559 2114 ductis
581 2069 667 2111 areas
682 2044 798 2119 descri-

114 2166 195 2231 bunt
222 2160 414 2247 temporibus
442 2152 699 2240 proportionales
727 2152 800 2233 ,At

7 2292 9 2315 s
114 2284 219 2359 partes
249 2268 373 2335 vorticis
402 2264 457 2329 tali
486 2274 573 2326 motu
603 2260 720 2325 revolvi
744 2280 800 2323 ne-

118 2387 244 2464 queunt.
289 2372 465 2459 Designent
486 2368 517 2432 A
532 2368 576 2445 D,
603 2366 686 2441 BE,
711 2365 738 2429 C
762 2366 798 2441 F,
871 2456 876 2464 ι

5 2485 7 2539 ἱ
116 2484 208 2547 orbes
237 2493 300 2545 tres
325 2480 407 2542 circe
431 2476 537 2543 S’olem
564 2476 587 2539 S
616 2472 798 2557 descriptos,

117 2614 250 2679 quorum
264 2590 398 2655 extimus
421 2584 491 2652 CF
517 2584 650 2648 circulus
672 2583 712 2647 sit
735 2582 801 2647 Soli
871 2576 902 2633 F

118 2700 338 2775 concentricus‚
383 2707 415 2760 et
450 2693 631 2758 interiorum
667 2691 800 2756 duorum

119 2809 242 2896 aphelia
267 2808 329 2876 sint
351 2805 391 2881 A,
417 2804 445 2869 B
471 2813 503 2868 et
523 2800 673 2886 perihelia
693 2801 736 2880 D,
761 2801 800 2867 E.

2 2897 3 2906 ἵ
36 2939 43 2950 “
120 2920 206 3006 Ergo
232 2937 344 3002 corpus
367 2913 452 3000 quod
475 2905 643 3000 revolvitur
667 2912 701 2974 in
725 2912 801 2977 orbe

120 3025 202 3102 CF,
224 3023 314 3088 radio
335 3021 375 3085 ad
398 3021 502 3087 Solem
514 3020 608 3083 ducto
622 3042 709 3084 areas
723 3031 802 3085 tem·
848 3096 851 3101 .
956 3075 959 3081 .

119 3132 247 3216 poribus
268 3127 515 3216 proportionales
540 3127 756 3208 describendo,
784 3131 822 3215 (⁰)
844 3131 1019 3196 movebitur
1038 3129 1186 3196 uniformi
1210 3150 1282 3192 cutn
1302 3135 1398 3189 motu·

122 3237 245 3320 Corpus
261 3246 364 3300 autem
379 3233 464 3320 quod
477 3233 646 3297 revolvitur
659 3235 693 3298 in
707 3236 783 3300 orbe
800 3235 829 3300 B
845 3237 884 3312 E,
907 3236 1026 3301 tardius
1038 3236 1214 3300 movebitur
1227 3235 1261 3297 in
1274 3229 1399 3316 aphelio
1488 3206 1490 3211 Ι

123 3341 152 3406 Β
177 3354 209 3404 et
233 3339 368 3402 velocius
393 3340 426 3401 in
448 3338 599 3423 perihelio
623 3337 662 3415 E,
691 3341 730 3424 (Ρ)
754 3341 925 3405 secundum
948 3341 1033 3429 leges
1058 3339 1298 3413 astronomicas;
1328 3335 1400 3400 otim

122 3461 225 3514 tamen
242 3449 279 3532 (q)
296 3447 466 3513 secundum
491 3446 575 3533 loges
598 3447 792 3514 mechanicas
818 3451 946 3515 materia
971 3452 1095 3516 vorticis
1117 3452 1150 3514 in
1171 3450 1271 3538 spatio
1286 3467 1423 3535 angue,

122 3559 201 3622 tiore
215 3557 295 3620 inter
310 3558 341 3621 A
356 3569 387 3620 et
404 3556 431 3620 C
447 3555 582 3619 velocius
597 3556 714 3620 moveri
734 3557 845 3632 debeat
861 3558 954 3645 quim
967 3559 1001 3622 in
1015 3561 1114 3644 spatio
1135 3559 1243 3626 latiore
1264 3558 1345 3620 inter
1364 3553 1399 3616 D

123 3679 155 3730 et
177 3667 221 3742 F;
246 3666 357 3744 idest,
382 3664 417 3726 in
438 3663 562 3748 aphelio
582 3665 717 3729 velocius
741 3665 834 3752 qutim
848 3667 881 3731 in
895 3669 1056 3752 perihelio.
1102 3667 1185 3742 Quae
1206 3667 1271 3730 duo
1284 3684 1399 3748 repug-

136 3898 141 3910 ,
157 3833 191 3900 (’)
203 3837 217 3866 *
230 3835 350 3884 Munius
360 3832 474 3897 uniformi
484 3846 539 3879 cum
548 3839 619 3879 nutu·
655 3832 745 3894 AEqutt·
775 3831 856 3880 locitas
866 3832 891 3879 in
904 3833 935 3890 B,
946 3842 982 3880 est
991 3832 1022 3880 ati
1032 3832 1175 3881 velocitatem
1181 3832 1208 3879 in
1217 3832 1248 3890 E,
1259 3829 1400 3880 uttiistanti·

125 3898 187 3945 ltbus
196 3913 260 3944 emm
271 3897 412 3958 temporibus
427 3894 526 3957 equales
537 3909 595 3941 uera
611 3901 634 3941 et
650 3895 746 3955 proinde
779 3896 795 3944 S
808 3897 839 3948 E,
850 3896 881 3943 ad
891 3897 1022 3944 distantiam
1032 3897 1144 3959 majorem
1156 3896 1173 3944 S
1185 3896 1215 3944 B.
1396 3889 1401 3938 ’.

126 3961 226 4024 [equales
242 3976 317 4018 arcus,
334 3963 379 4007 hoc
395 3967 436 4017 est,
455 3957 553 4022 aequalitt
570 3957 644 4018 spatia
659 3959 743 4006 descri-
807 3958 844 4024 (l)
857 3965 870 3990 ⁸
882 3961 1016 4011 Secundum
1026 3963 1084 4022 leges
1094 3962 1245 4008 metaneae
1271 3956 1399 4008 Nemeum

125 4027 220 4074 buntur.
775 4033 856 4070 vortex
881 4035 1025 4084 supponatur
1047 4039 1098 4071 essa
1118 4024 1144 4070 in
1165 4032 1226 4070 statu
1245 4021 1397 4084 permanenti,

144 4089 194 4163 ·(¹’)
208 4092 228 4140 ,⁸
238 4087 378 4163 ‘Secundum
398 4089 456 4148 leges
473 4087 644 4136 astronomicas.
679 4087 745 4142 Quo·
777 4086 877 4148 utquales
886 4089 988 4135 materie
1001 4088 1141 4150 quantitates
1150 4101 1192 4147 per
1201 4089 1302 4145 spatium
1311 4101 1399 4148 angus-

127 4167 191 4226 tuam
209 4167 257 4198 arta
275 4153 380 4228 ellipseos
395 4166 437 4212 per
445 4151 566 4212 -apbelium
584 4150 640 4196 Bet
656 4151 746 4210 perihe-
779 4151 827 4198 uus
840 4153 862 4198 Δ
875 4151 903 4206 C,
920 4160 944 4200 et
958 4165 1000 4212 per
1014 4152 1115 4212 spatium
1125 4151 1194 4198 latius
1205 4152 1230 4198 D
1242 4151 1271 4208 F,
1286 4160 1315 4197 ut
1329 4151 1359 4196 sit
1373 4148 1399 4195 in

129 4215 188 4262 hum
211 4215 234 4262 E
252 4224 344 4290 transit,
369 4225 449 4276 esurus
466 4214 541 4276 ellipsi
558 4213 674 4270 normalis,
696 4230 749 4262 area
780 4213 864 4272 fluviis,
883 4215 965 4262 eodem
983 4224 1086 4276 tempore
1101 4223 1228 4270 transeunt,
1247 4223 1271 4261 et
1280 4212 1400 4275 proptereti

129 4279 287 4352 quamuradrus
294 4289 373 4354 vector
386 4280 402 4326 S
415 4279 437 4326 B
454 4289 557 4338 tempore
571 4293 641 4340 quam
652 4278 750 4326 minimo
781 4279 877 4326 materia
893 4279 984 4327 vorticis
993 4279 1019 4325 in
1034 4280 1107 4339 spatio
1124 4278 1256 4340 augustiore
1269 4279 1330 4324 inter
1342 4280 1365 4324 Α
1376 4287 1400 4325 et

132 4342 247 4416 descrtbtt,
269 4353 312 4390 ertt
328 4342 422 4404 aquatis
436 4341 572 4418 rectangulo
593 4357 622 4391 ex
642 4340 751 4390 distantii
784 4343 812 4398 C,
824 4342 925 4390 velocius
935 4352 1041 4390 moretur
1049 4341 1121 4405 quim
1131 4341 1157 4387 in
1167 4343 1240 4401 spatio
1249 4341 1330 4389 latiore
1340 4341 1400 4388 inter

132 4407 149 4453 S
163 4406 184 4452 B
196 4420 226 4480 'tn
236 4421 316 4453 arcum
330 4421 541 4480 quam'mtmmum
552 4422 566 4452 a
576 4420 670 4466 corpore
685 4406 711 4451 iu
728 4407 750 4454 B
784 4407 810 4454 D
821 4416 846 4455 et
857 4407 885 4453 F.
922 4408 1046 4462 Quantitas
1055 4416 1134 4454 autem
1149 4407 1259 4462 materia,
1277 4421 1330 4468 quar
1345 4404 1400 4451 dato

130 4471 271 4545 descriptum
279 4487 287 4527 3
304 4480 328 4516 et
343 4471 446 4517 stmtltter
456 4485 508 4516 area
518 4469 613 4530 aequalis
628 4485 699 4532 quam
714 4485 749 4518 ra·
781 4480 884 4531 tempore
894 4471 977 4518 traam
989 4485 1030 4532 per
1045 4469 1145 4530 spatium
1157 4469 1309 4528 Ac,ve11)
1323 4467 1349 4523 F,
1366 4474 1401 4512 est

131 4533 184 4579 itus
194 4541 271 4605 vector
283 4532 334 4578 SE
350 4532 432 4579 eodem
447 4542 550 4592 tempore
565 4548 636 4594 quam
653 4534 751 4582 minimo
782 4535 918 4596 utspatium
928 4536 973 4581 hoc
982 4533 1068 4581 directe
1078 4542 1102 4580 et
1111 4534 1214 4584 materia
1229 4532 1337 4580 velocitas
1351 4542 1402 4576 tne-

131 4595 246 4670 descrtbtt,
265 4605 368 4656 aequmur
383 4599 518 4670 rectangulo
534 4611 562 4642 er
578 4595 685 4642 distantiit
699 4599 749 4646 SE
784 4599 867 4646 diocria
877 4597 975 4655 inverse,
992 4607 1016 4645 et
1033 4595 1088 4645 ideo
1103 4595 1225 4644 mediocris
1234 4595 1342 4644 velocitas
1351 4609 1402 4640 tus·

131 4657 202 4737 tiucpi
219 4672 245 4732 ¹.¹¹
263 4671 342 4704 aruum
353 4673 367 4704 a
377 4673 471 4717 corpore
485 4673 511 4732 tn
528 4660 549 4705 Ε
565 4657 711 4719 descriptum,
728 4672 752 4709 et
783 4665 847 4710 teriae
857 4663 917 4710 inter
925 4663 948 4708 Δ
955 4671 978 4709 et
988 4662 1016 4718 C,
1027 4670 1062 4708 est
1072 4661 1102 4709 ad
1112 4661 1251 4710 mediocrem
1259 4659 1403 4706 velocitaten

132 4723 186 4770 ideo
196 4737 258 4784 prlor
268 4735 335 4769 utus
345 4730 380 4768 est
389 4721 420 4769 ed
429 4731 584 4784 posteriorem,
601 4724 645 4771 hoc
655 4735 696 4782 est,
714 4739 752 4772 re-
784 4727 887 4774 materiae
897 4726 958 4774 inter
970 4727 997 4774 D‘
1006 4736 1032 4775 et
1043 4725 1072 4783 F,
1083 4734 1112 4774 ut
1123 4724 1146 4774 F
1157 4726 1182 4773 D
1193 4726 1223 4773 ad
1236 4725 1259 4771 A
1272 4723 1300 4770 C.
