3275 5650
90 320 381 451 reinstaura]
413 357 652 439 arlucum
675 359 1047 440 Marunuamca.
1309 379 1373 446 iat

90 542 136 607 vel
154 552 196 607 10
210 542 252 607 ad
268 554 283 608 1
302 543 432 609 circiter.
479 544 542 609 Sed
559 544 771 629 experimento
783 546 882 635 priori
902 546 1001 631 magis
1014 545 1177 611 fidendum
1197 557 1253 623 est,
1272 566 1368 630 prop

89 662 173 715 terea
188 652 276 737 quod
290 653 324 715 in
337 652 387 715 his
401 651 517 729 ultimis
530 674 584 715 vas
598 652 690 715 nimis
703 664 869 745 augustum
889 653 949 719 furt
969 676 1030 738 pro
1049 654 1263 741 magnitudine
1282 654 1369 740 globi

88 756 235 821 immersi.
279 756 439 841 Ampliato
462 757 567 844 globo,
593 758 721 823 deberet
743 760 836 823 etiam
858 782 913 824 vas
941 759 1093 844 arnpliari.
1137 760 1368 825 Constitueram

89 863 215 949 quidem
240 863 418 949 hujusmodi
440 863 651 948 experimenta
671 864 704 927 in
722 864 806 929 vasis
822 865 991 951 majoribus
1005 878 1037 931 et
1050 866 1085 930 in
1102 864 1275 951 liquoribus
1300 875 1368 928 tum

13 1010 14 1025 .
88 969 285 1033 metallorum
298 966 446 1047 lusorum,
469 980 536 1033 turm
551 969 617 1033 aliis
631 970 816 1054 quibusdam
829 983 894 1035 tam
908 972 1016 1037 calidis
1030 994 1125 1058 quam
1137 971 1258 1057 frigidis
1277 994 1367 1055 repe-

87 1087 168 1141 tere:
186 1076 243 1140 sed
257 1075 360 1139 omnia
374 1074 509 1159 experiri
524 1096 589 1140 non
603 1088 700 1154 uacat,
717 1088 749 1141 et
762 1098 802 1141 ex
812 1077 880 1162 jam
893 1077 1054 1161 descriptis
1069 1077 1142 1141 satis
1156 1076 1255 1161 liquet
1273 1076 1366 1141 resis-

87 1188 217 1252 tentiam
231 1208 396 1271 corporum
410 1186 550 1268 celeriter
563 1197 719 1250 motorum
733 1185 877 1251 densitati
890 1186 1057 1253 fluidorum
1071 1184 1225 1271 inquibus
1233 1206 1366 1248 moven-

13 1372 14 1381 ἵ
86 1308 134 1360 tur
149 1294 418 1380 proportionalem
432 1316 499 1359 esse
514 1293 772 1380 quamproxime.
811 1295 886 1359 Non
901 1295 973 1359 dico
987 1294 1139 1362 accurate.
1176 1290 1262 1359 Nam
1270 1293 1368 1357 fluida

87 1406 255 1481 tenaciora,
271 1405 339 1488 pari
353 1404 515 1481 densitate,
530 1402 736 1488 proculdubio
750 1405 849 1491 magis
864 1404 1011 1469 resistunt
1024 1404 1119 1492 quim
1131 1403 1308 1490 liquidiora,
1330 1412 1367 1468 ut

13 1566 15 1587 ,
87 1513 189 1577 oleum
204 1513 353 1599 frigidum
373 1534 465 1597 quam
481 1512 625 1589 calidum,
652 1512 785 1577 cdidum
801 1510 896 1598 quim
907 1536 989 1601 aqua
1001 1514 1154 1599 pluvialis,
1180 1536 1261 1598 aqua
1273 1510 1373 1598 quim.

13 1622 14 1631 ’
88 1620 211 1703 spiritus
225 1619 299 1682 vini.
344 1618 462 1683 Verum
475 1618 509 1681 in
522 1617 703 1704 liquoribus,
727 1619 781 1704 qui
795 1618 836 1683 ad
855 1641 981 1683 sensum
994 1621 1068 1683 satis
1081 1620 1172 1684 fluidi
1185 1630 1268 1695 sunt,
1284 1631 1320 1683 ut
1332 1618 1367 1681 in
1430 1683 1431 1686 ,

13 1736 14 1793 4
88 1707 163 1803 aire,
178 1727 216 1789 in
230 1724 311 1811 aqud
326 1746 381 1789 seu
395 1724 479 1789 dulci
492 1747 547 1789 seu
562 1724 650 1802 salal,
665 1726 698 1787 in
713 1724 870 1808 spiritibus
884 1726 957 1802 vini,
972 1726 1139 1789 terebinthi
1152 1736 1185 1790 et
1198 1725 1318 1803 salium,
1332 1724 1367 1790 in

89 1836 151 1898 oleo
165 1858 187 1897 a
200 1834 331 1898 faecibus
352 1856 410 1919 per
431 1833 662 1911 distillationem
675 1833 808 1899 liberato
822 1848 855 1899 et
868 1835 1025 1912 calefacto,
1048 1836 1180 1920 oleoque
1200 1834 1315 1899 vitrioli
1335 1846 1368 1899 et

13 1964 14 1983 ³
88 1946 250 2023 mercurio,
273 1968 310 2009 ac
324 1944 455 2009 metallis
469 1944 650 2031 liquefactis,
667 1957 699 2008 et
713 1945 739 2008 si
754 1946 807 2030 qui
822 1945 885 2009 sint
898 1945 960 2022 alii,
982 1945 1037 2031 qni
1050 1956 1115 2009 tam
1127 1944 1216 2007 fluidi
1237 1956 1310 2007 sunt
1331 1954 1368 2026 ut

13 2110 14 2119 2
33 2065 35 2071 ’
88 2055 211 2119 invasis
226 2054 333 2141 agitati
348 2065 467 2117 motum
482 2054 666 2137 impressum
685 2052 800 2116 diutius
823 2065 1015 2128 conservent,
1039 2051 1189 2136 effusique
1207 2048 1367 2114 liberrime

13 2228 14 2255 ,
87 2162 116 2225 in
136 2174 244 2249 guttas
267 2161 461 2228 decurrendo
480 2161 684 2237 resolvantur,
710 2160 814 2223 nullus
835 2160 945 2223 dubito
965 2159 1042 2245 quin
1062 2160 1171 2247 regula
1184 2158 1278 2222 allata
1292 2158 1373 2223 satis·

89 2272 234 2338 accurate*
248 2272 403 2337 obtineat:
433 2272 605 2357 praesertim
627 2272 653 2334 si
673 2270 886 2355 experimenta
908 2270 941 2334 in
961 2269 1144 2353 corporibus
1168 2268 1313 2352 pendulis
1334 2278 1367 2333 et

13 2384 14 2461 ζ
88 2384 253 2468 majoribus
269 2394 300 2447 et
312 2381 446 2445 velocius
459 2382 551 2445 motis
565 2381 772 2445 instituantur.

82 2560 83 2563 Ἴ
123 2490 274 2574 Denique
289 2484 361 2551 edm
375 2482 595 2551 nonnullorum
608 2487 715 2571 opinio
733 2488 781 2565 sit,
806 2487 944 2551 medium
969 2488 1126 2572 quoddam
1142 2487 1313 2553 aetbereum
1333 2499 1366 2551 et

87 2596 171 2685 longe
183 2597 422 2661 subtilissimum
431 2608 546 2673 extare,
562 2595 646 2682 quod
655 2618 763 2683 qmnes
773 2598 913 2661 omnium
924 2618 1090 2680 corporum
1097 2618 1192 2681 poros
1203 2610 1234 2660 et
1245 2608 1364 2659 meanis

13 2748 14 2769 t
89 2701 241 2768 liberrime
263 2714 404 2787 permeet
411 2725 420 2777 ;
447 2724 466 2765 a
479 2702 534 2766 tali
548 2713 653 2764 autem
665 2700 770 2765 medio
783 2723 841 2785 per
856 2724 1023 2786 corporum
1034 2725 1129 2787 poros
1143 2704 1260 2766 fluente
1273 2701 1365 2765 resis-

13 2796 15 2888 l
89 2813 175 2876 tentia
190 2811 271 2876 oriri
285 2809 412 2874 debeat:
435 2815 470 2874 ut
490 2823 641 2874 tentarem
655 2833 695 2874 an
709 2811 892 2888 resistentia,
914 2834 1007 2898 quam
1021 2811 1055 2874 in
1068 2811 1160 2876 motis
1182 2811 1365 2896 corporibus

89 2921 275 3004 experimur,
298 2929 369 2982 tota·
378 2919 417 2981 sit
431 2918 464 2981 in
479 2940 587 2982 eorum
601 2917 730 2982 externd
746 2917 918 3002 superficie,
941 2940 982 2980 an
995 2940 1069 2982 vero
1082 2930 1186 3002 partes
1202 2919 1295 2982 etiam
1316 2919 1372 2980 iri-1

89 3041 177 3093 temae
192 3020 229 3092 in
243 3026 465 3112 superficiebus
479 3027 613 3110 propriis
627 3026 832 3090 resistentiam
846 3026 1017 3109 notabilern‘
1029 3028 1172 3104 sentiant,
1188 3025 1365 3110 excogitavi

89 3135 332 3219 experimentum
348 3132 418 3196 tale.
463 3131 532 3196 Filo
553 3132 668 3217 pedum
689 3131 834 3196 undecim
847 3132 1049 3218 longitudinis
1064 3134 1105 3196 ab
1119 3155 1201 3196 unco
1215 3131 1365 3216 chalybeo

89 3245 154 3308 satis
168 3245 276 3320 firmo,
297 3241 455 3306 mediante
469 3239 585 3304 annulo
599 3241 758 3325 chalybeo,
781 3239 1008 3324 suspendebam
1028 3240 1178 3326 pyxidem
1201 3240 1365 3328 abiegnam
1463 3225 1466 3241 ⁹

87 3351 261 3426 rotundam,
287 3347 328 3413 ad
348 3347 598 3412 constituendum
620 3347 792 3430 pendulum
816 3346 1018 3433 longitudinis
1038 3347 1206 3431 praedictae.
1253 3349 1364 3413 Uncus

88 3478 208 3520 sursum
222 3466 398 3540 praeacutus
414 3465 480 3518 erat
493 3453 558 3516 acie
574 3451 719 3530 concavi,
744 3465 779 3516 ut
793 3452 926 3516 annulus
946 3475 1021 3518 arcu
1039 3476 1097 3518 suo
1114 3456 1274 3540 superiore
1287 3455 1365 3518 aciei

86 3562 217 3626 annixus
227 3560 388 3626 'liberrime
402 3573 585 3625 moveretur.
630 3546 728 3624 llrcui
741 3571 847 3624 autem
865 3559 1004 3624 inferiori
1025 3565 1245 3654 annectebatur
1266 3565 1364 3628 filum.

87 3668 265 3734 Pendulum
279 3669 322 3733 ita
335 3667 538 3731 constitutum
551 3667 744 3732 deducebam
759 3690 778 3730 a
790 3660 1015 3752 perpendiculo
1029 3668 1070 3733 ad
1084 3669 1262 3734 distantiam
1277 3671 1365 3758 quasi

84 3785 200 3867 pedum
215 3805 283 3860 sex,
309 3783 403 3869 idque
418 3782 588 3848 secundum
600 3783 728 3866 planum
743 3782 820 3846 aciei
834 3783 907 3846 unci
920 3779 1188 3866 perpendiculare,
1210 3799 1253 3840 ne
1264 3799 1364 3840 annu-

85 3889 144 3967 lus,
167 3889 329 3952 oscillante
340 3886 488 3976 peudplo,
505 3910 599 3972 supra
613 3888 711 3952 aciem
725 3887 798 3952 unci
811 3887 900 3951 ultro
909 3887 1051 3972 citroque
1070 3885 1236 3949 laberetur.
1281 3883 1365 3946 Nam

84 4005 235 4078 punctum
250 3994 469 4078 suspensionis,
485 3993 518 4056 in
532 4016 595 4078 quo
609 3993 740 4056 annrrlus
750 4014 867 4056 uncum
876 3993 986 4080 tangit,
1000 3992 1163 4054 immotum
1174 4009 1299 4051 manere
1311 3986 1365 4050 de-

85 4103 143 4168 bet.
178 4101 303 4166 Locum
311 4101 407 4188 igitur
418 4101 560 4166 accurate
567 4102 724 4180 notabam,
740 4101 780 4165 ad
794 4123 888 4187 quem
896 4100 1088 4165 deduxeram
1095 4098 1276 4184 pendulum,
1292 4096 1366 4160 dein

84 4207 224 4291 pendulo
244 4207 380 4272 demisso
402 4207 548 4271 notabam
563 4208 623 4271 alia
636 4209 695 4272 tria
708 4208 779 4270 loca
792 4206 833 4270 ad
848 4230 918 4293 quoe
932 4207 1055 4271 redibat
1068 4207 1101 4268 in
1115 4205 1179 4268 fine
1200 4203 1367 4266 oscillatio-

84 4318 127 4382 nis
143 4317 269 4401 primae,
285 4315 430 4380 secunde
445 4336 481 4378 ac
495 4316 606 4379 tertiae.
653 4316 728 4379 Hoc
742 4315 921 4400 repetebam
935 4314 1059 4398 saepius,
1074 4325 1110 4376 ut
1122 4312 1193 4375 loca
1206 4311 1367 4396 illaquam

84 4423 170 4506 potui
196 4421 425 4486 accuratissime
447 4421 627 4486 invenirem.
672 4423 757 4487 Turn
781 4422 931 4508 pyxidem
954 4419 1087 4505 plumbo
1110 4430 1141 4482 et
1162 4417 1365 4506 gravioribus,

85 4553 151 4614 quae
167 4529 210 4593 ad
225 4551 337 4592 manus
352 4541 449 4606 erant,
466 4530 597 4594 metallis
610 4529 788 4614 implebam.
822 4529 979 4614 Sedprius
992 4526 1206 4612 ponderabam
1216 4525 1367 4611 pyxidem

85 4657 225 4713 vacuam,
250 4633 314 4700 unzi
333 4659 403 4700 cum
420 4648 508 4720 parte
530 4637 576 4700 fili
597 4659 667 4723 quae
693 4639 810 4702 circum
829 4638 978 4724 pyxidem
994 4635 1175 4702 volvebatur
1189 4657 1226 4698 ac
1240 4630 1367 4698 dimidio
