3275 5650
11 760 13 799 l

11 962 13 989 l

11 996 13 1023 l

82 457 184 523 Lrsru
200 452 366 529 Seruum]
399 444 637 521 PRINCIPIA
660 442 1030 513 MATHEMATICA·
1285 454 1346 511 lue

77 628 202 717 gulares,
218 623 337 709 amplus
356 622 402 687 vel
425 618 662 707 angustissimas.
709 617 807 682 Hisce
828 616 1062 681 circumstantiis
1087 617 1278 700 pressionem
1299 618 1345 681 nil

77 736 179 801 mutari
195 732 360 818 colligitur,
372 726 556 813 applicando
571 724 863 791 demonstrationem
876 724 1091 788 Theoremetis
1102 698 1193 809 hujus
1204 725 1244 787 ad
1256 715 1343 789 c'esus
1407 788 1417 801 χ

51 867 54 879 “
78 845 207 933 singulos
220 842 397 907 fluidonun.

111 956 209 1019 Cerei.
228 960 257 1017 3.
303 946 422 1013 Eidem
443 942 702 1010 demonstratione
723 922 885 1028 colligetur
906 941 998 1005 etiam
1021 945 1090 1024 (per
1113 941 1209 1025 Prop.
1227 942 1342 1023 XIX.)

76 1062 148 1149 quud
173 1058 264 1123 fluidi
288 1056 390 1144 gravis
418 1065 522 1139 pertus
546 1050 677 1128 nullum,
708 1072 749 1115 ex
771 1050 929 1134 pressione
954 1049 1099 1133 ponderis
1125 1025 1341 1128 incumbentis,

75 1173 230 1259 aequinmt
244 1181 363 1235 motum
373 1169 454 1234 inter
468 1186 500 1231 se
508 1188 517 1241 ς
533 1164 560 1229 si
574 1162 668 1229 modd
682 1160 866 1226 excludetur
874 1170 975 1222 motus
987 1158 1042 1245 qui
1050 1179 1090 1222 ex
1101 1150 1342 1221 condensatione

75 1284 192 1345 oriatur.

11 1394 12 1411 ¹
111 1388 209 1452 Oorol.
224 1394 255 1449 4.
300 1382 343 1449 Et
363 1391 528 1465 propterea
549 1377 575 1440 si
597 1374 682 1439 aliud
705 1374 842 1460 ejusdem
867 1372 1023 1460 gravitatis
1041 1372 1193 1457 specificae
1218 1395 1341 1458 eorpus,

75 1498 146 1583 quod
160 1493 203 1555 sit
214 1487 463 1555 condensationis
473 1505 595 1569 expers,
611 1482 828 1567 submergatur
842 1481 874 1541 in
889 1478 949 1541 hoc
963 1479 1070 1555 fluido,
1083 1479 1116 1543 id
1131 1468 1343 1563 expressione

73 1599 209 1685 ponderis
223 1593 428 1661 incumbentis
442 1590 562 1655 nullum
577 1588 714 1673 acquiret
723 1598 861 1652 motum:
884 1607 949 1647 non
963 1583 1140 1663 descendet,
1156 1606 1220 1649 non
1235 1608 1343 1651 ascen·

11 1690 13 1737 ἕ
74 1708 124 1785 det,
149 1727 218 1770 non
242 1715 371 1788 erigetur
396 1700 527 1785 figurem
553 1719 640 1762 suam
667 1708 794 1761 mutare.
843 1696 876 1761 Si
905 1694 1091 1779 sphaericum
1121 1707 1175 1772 est,
1206 1696 1345 1760 manebit

11 1828 13 1857 r
74 1813 261 1898 sphaericum,
277 1830 341 1871 non
354 1806 496 1869 obstante
506 1804 680 1888 pressione
696 1804 723 1866 si
731 1802 916 1889 quadratum
925 1813 980 1877 est,
996 1801 1134 1864 manebit
1142 1802 1343 1887 quadratum:

74 1922 154 2006 idque
168 1919 237 1989 sive
248 1914 342 1979 molle
357 1912 406 1989 sit,
422 1912 486 1975 sive
499 1910 733 1985 fluidissimum3
756 1909 818 1971 sive
832 1907 931 1971 fluido
944 1906 1042 1969 libere
1056 1906 1184 1983 innatet,
1201 1909 1264 1972 sive
1273 1909 1344 1971 fun-

11 2090 12 2093 ,
74 2024 289 2091 doineumbat¹
335 2018 444 2084 Habet
458 2018 541 2081 enim
554 2015 643 2080 fluidi
656 2036 727 2099 pars
743 2014 889 2100 quaelibet
903 2014 1025 2076 interna
1038 2012 1190 2075 rationem
1205 2014 1344 2097 corporis

74 2135 226 2212 submersi,
243 2144 277 2197 et
288 2154 347 2217 psr
361 2142 409 2195 est
422 2129 500 2192 ratio
515 2125 653 2189 omnium
669 2124 806 2209 ejusdem
822 2121 1055 2209 magnitudinis,
1071 2120 1180 2207 fignrae
1197 2132 1229 2183 et
1242 2122 1345 2207 gravi·

11 2280 12 2283 ¹
75 2247 131 2309 tatis
154 2242 312 2329 specificae
341 2239 572 2303 submersorum
601 2256 775 2319 corporum.
822 2233 856 2297 Si
871 2253 982 2315 corpus
1007 2230 1201 2293 submersum
1225 2242 1345 2294 servato

12 2400 13 2407 κ
73 2352 200 2436 pondere
223 2350 409 2433 liquesceret
423 2354 454 2408 et
467 2342 610 2407 indueret
631 2341 762 2405 formam
784 2340 890 2415 fluidi;
911 2338 982 2415 hoc,
1005 2339 1033 2401 si
1045 2337 1131 2421 prius
1154 2337 1343 2415 ascenderet,

74 2464 112 2527 rel
130 2458 346 2533 descenderet,
374 2454 422 2517 vel
436 2475 476 2516 ex
490 2450 649 2535 pressione
674 2450 807 2535 figuram
833 2469 946 2510 novam
967 2446 1120 2522 indueret,
1147 2444 1240 2508 etiam
1261 2467 1346 2508 nunc

73 2570 252 2645 ascenderet,
279 2566 327 2630 vel
353 2560 563 2664 descenderet,
590 2558 639 2621 vel
661 2558 793 2645 figuram
814 2578 928 2619 novam
950 2555 1079 2618 induere
1105 2566 1285 2639 cogeretur:
1312 2554 1346 2617 id

72 2677 137 2743 edeb
160 2676 238 2763 quia
260 2671 395 2761 gravitas
418 2670 482 2753 ejus
504 2676 688 2750 caeteraeque
711 2676 854 2727 motuum
879 2684 980 2726 csusae
1008 2673 1201 2745 permanent.
1247 2662 1346 2748 Atqui
1447 2644 1451 2650 ¹

11 2806 13 2876 t
73 2794 130 2908 [per
146 2787 223 2852 Cas.
240 2791 272 2850 5.
289 2782 385 2864 Prop.
403 2776 515 2856 XIX.)
535 2776 600 2861 jam
616 2772 789 2863 quiesceret
803 2784 835 2838 et
848 2772 981 2860 figurem
1003 2771 1158 2873 retineret.
1205 2771 1292 2860 Ergo
1310 2786 1345 2840 ut

11 2963 12 2970 ,
70 2918 153 2980 pnus.

70 3089 230 3138 neumatione
243 3079 411 3144 Propositionis
426 3077 503 3140 hujus,
520 3075 635 3137 premitur
651 3090 691 3121 su·

70 3155 161 3214 perficies
172 3164 290 3210 suprema
301 3147 324 3194 Ε
335 3161 348 3191 e
358 3145 381 3192 vi
391 3142 489 3202 simplici
506 3140 622 3203 gravitatis
636 3153 690 3198 pro-

11 3209 12 3218 *
70 3219 123 3276 nie,
133 3217 182 3280 qut
193 3225 221 3262 et
233 3209 366 3272 superficies
376 3205 476 3255 secunda
488 3205 532 3252 Fi
544 3219 586 3264 pro
596 3217 689 3249 mensu.

68 3295 134 3328 nsua
151 3276 280 3342 equaliter
297 3273 415 3334 premitur.
451 3267 567 3316 Premitur
582 3275 691 3326 preterea

11 3359 13 3400 ῥ
69 3345 190 3404 superficies
198 3338 307 3388 secunde
320 3337 340 3386 F
350 3335 393 3382 fri
404 3331 495 3394 proprii
505 3330 629 3394 gravitatis,
637 3343 690 3390 quer

11 3415 13 3476 g
69 3409 163 3455 addenda
174 3415 214 3454 est
227 3405 250 3449 vi
262 3399 340 3462 priori.
376 3397 432 3445 nte
441 3396 563 3456 pressione,
576 3409 617 3453 pro
624 3407 690 3438 men-

11 3489 12 3526 4
67 3473 109 3518 tuti
119 3472 169 3524 stri,
183 3479 215 3518 et.
222 3461 453 3525 insuperriproprire
459 3459 583 3522 gravitatis,
594 3464 691 3518 urgetur

67 3536 191 3596 superficies
209 3531 281 3580 tertia
299 3529 363 3589 Gg;
381 3524 447 3572 etsie
462 3522 574 3581 deinceps.
612 3521 691 3575 Quare

11 3605 13 3638 l
67 3609 126 3657 patet
137 3609 264 3657 utsupra,
277 3589 417 3654 pressionem
427 3601 498 3650 qnam
508 3584 639 3644 superficies
654 3583 690 3629 in-

66 3663 114 3711 dua
126 3664 152 3710 Η
164 3661 183 3709 d
194 3660 272 3714 subit,
291 3654 403 3718 aqualem
419 3667 467 3700 esee
483 3649 577 3710 ponderi
594 3647 691 3710 cylindri

65 3728 123 3798 eujus
132 3736 168 3774 est
179 3721 290 3772 altitudo
301 3720 326 3766 D
339 3719 359 3765 Α
371 3725 395 3764 et
403 3715 463 3763 basis
473 3714 548 3760 tundo
558 3711 585 3759 H
594 3711 690 3774 daequa·

65 3788 207 3904 ¹¹⁸liinnente
220 3849 297 3911 igitur
308 3856 359 3892 turn
374 3842 424 3890 basi
436 3843 462 3890 H
474 3839 497 3898 d,
514 3851 565 3887 tum
576 3837 641 3884 fluidi
657 3837 691 3884 el·

63 3917 156 3964 titudine
174 3907 370 3976 perpendiculari
392 3907 418 3953 D
437 3908 468 3962 A,
490 3911 568 3950 menet
585 3901 650 3951 fluidi
666 3901 692 3948 in

62 3981 128 4027 basim
147 3979 255 4041 pressio,
275 3983 402 4031 utcumque
413 3977 514 4016 mutetur
524 3967 582 4012 vasis
592 3965 691 4011 fluidum

62 4047 201 4092 continentis
213 4041 302 4100 figure.
333 4037 411 4094 Atque
420 4033 475 4078 binc
486 4033 509 4077 in
520 4030 580 4076 vasis
588 4044 692 4074 commn-

61 4109 190 4156 nioantibus
204 4099 366 4164 aequilibrium
377 4106 420 4152 est,
439 4095 479 4144 nbi
496 4091 693 4154 perpendiculares

61 4171 121 4218 fluidi
142 4166 300 4219 altitudines,
312 4176 384 4222 supra
404 4159 505 4205 fundum
526 4170 650 4203 commune
667 4156 692 4201 in

59 4246 154 4300 utroque
166 4248 231 4280 vase
250 4235 378 4291 aequantur,
395 4222 522 4269 dummodo
532 4222 556 4267 in
571 4220 663 4280 paribus
680 4235 694 4264 u

60 4311 132 4348 turno
151 4298 253 4348 virium
269 4289 385 4356 gravitatis
405 4288 421 4333 S
436 4283 548 4334 distantiis
564 4293 610 4331 tarn
626 4281 697 4328 fluidi

60 4348 609 4425 densitasqurimtisgrnritatisservetureadem·
630 4349 692 4393 Nam

58 4431 78 4485 ι’,
89 4436 210 4477 manente
223 4421 252 4470 vi
262 4416 379 4483 gravitatis
394 4414 558 4468 acceleratriee,
575 4411 694 4458 conferan.

60 4503 91 4540 tur
100 4491 181 4541 fluida
193 4489 225 4534 in
240 4500 265 4531 se
274 4483 426 4542 homogenen,
446 4477 485 4524 sed
496 4476 590 4522 diversae
601 4475 661 4524 inter
671 4490 695 4520 se
727 4473 928 4535 perpendiculares
938 4479 1007 4518 emnt
1017 4470 1040 4516 in
1048 4468 1136 4516 ratione
1142 4468 1281 4517 densitatum
1292 4471 1350 4515 reet-

59 4556 183 4612 dmdtatis,
206 4547 294 4598 en‘tin
304 4547 363 4592 vasis
374 4539 599 4589 communicantibus
609 4539 697 4600 equili-
729 4538 806 4598 proci,
824 4538 878 4599 quin
889 4537 914 4582 in
925 4550 953 4582 ec
963 4550 1017 4581 casu
1033 4533 1157 4579 fluidorum
1168 4534 1193 4579 in
1203 4533 1276 4581 basim
1286 4545 1349 4580 com-

60 4621 139 4680 itium,
149 4617 200 4670 ubi
217 4611 350 4663 fluidomm
361 4607 387 4654 in
396 4615 495 4668 utroque
505 4619 557 4650 rese
567 4603 700 4650 altitudines
730 4614 827 4676 munem
837 4601 964 4661 pressiones
974 4598 1073 4661 equales
1083 4608 1138 4645 suut
1149 4599 1227 4662 (173).

698 4687 734 4735 1³
