3275 5650
215 468 279 543 ‘lto
537 446 876 528 PHILOSOPHIAE
899 436 1169 510 NATURALIS
1220 430 1497 523 Udoncoueou.

231 764 233 771 .
371 688 652 769 PROPOSITIO
675 683 819 753 XLVII.
864 671 1134 744 THEOREMA
1160 663 1346 733 XXXVII.

221 880 362 949 Pultibus
376 896 436 958 per
444 871 578 959 fluidam
594 860 785 947 propagatis,
813 852 939 936 singola
948 846 1047 933 fluidi
1061 844 1234 925 partiaria,
1256 845 1336 899 motu
1348 836 1523 915 reciproco·

266 986 432 1054 brmissirm
446 986 545 1041 euntes
559 981 588 1036 et
601 972 764 1040 redeuntes,
780 962 984 1025 accelerantur
996 970 1107 1033 senrper
1116 958 1145 1013 et
1158 946 1357 1011 retardantur
1364 961 1427 1023 pro
1435 941 1502 1023 tege

235 1070 241 1089 '
266 1091 429 1163 ostrianus
438 1084 574 1169 meat.

268 1263 444 1351 Designent
472 1260 504 1323 A
524 1256 564 1333 B,
596 1255 623 1320 B
645 1252 683 1329 C,
716 1250 744 1315 C
765 1249 809 1323 D,
833 1243 980 1327 pulsuum
1005 1233 1248 1305 successivorum

225 1370 360 1458 aequues
375 1366 552 1439 distantia
575 1362 606 1425 A
623 1359 695 1423 ac
716 1356 842 1440 pragam
863 1361 967 1412 motus
985 1345 1134 1429 pnsum
1154 1340 1195 1404 a>
1215 1338 1248 1403 A
1309 1292 1501 1504 pppp'pmplpm
1632 1366 1634 1446 p

225 1484 332 1541 versus
348 1474 377 1539 B
391 1468 571 1558 propagati;
595 1467 634 1543 E,
653 1465 689 1541 F,
706 1462 738 1525 G
753 1472 869 1544 puncta
890 1453 950 1517 tria
961 1451 1109 1536 physica,
1132 1448 1248 1533 (¹)n1e·
1366 1438 1378 1505 I

226 1584 270 1648 dii
286 1580 469 1669 quiescentis
484 1580 517 1641 in
531 1574 615 1639 recti
630 1574 661 1637 A
677 1572 705 1635 C
720 1569 761 1633 ad
775 1564 909 1651 aequales
923 1562 965 1625 ab
979 1560 1111 1623 invicem
1131 1553 1250 1621 disten
1384 1575 1388 1584 ·

226 1691 285 1753 tias
299 1689 376 1761 sita3
401 1686 471 1761 Ee,
483 1681 552 1760 uf,
570 1680 601 1745 G
617 1702 639 1766 g
660 1675 758 1759 spatia
779 1668 912 1755 aqualia
931 1663 1096 1749 perbrevia
1107 1683 1165 1745 per
1178 1680 1249 1744 quae

226 1806 342 1887 puncta
362 1791 415 1855 illa
436 1802 523 1853 motu
542 1787 701 1869 reciproco
726 1780 761 1864 (ἵ)
782 1772 911 1861 singulis
933 1767 1155 1833 tibrationibua
1176 1776 1253 1829 eunt

96 1886 99 1893 ¹
228 1916 260 1964 et
273 1898 421 1973 redeunt3
436 1923 458 1974 i,
466 1906 508 1975 «φ,
519 1921 539 1976 7
552 1894 622 1957 loca
636 1886 751 1975 quaevis
764 1877 949 1947 intermedia
962 1872 1133 1941 eorumdem
1151 1890 1251 1954 puuc-

227 2018 348 2079 torum3
374 2016 406 2067 et
429 2000 512 2076 EF,
536 1999 563 2062 F
579 1997 612 2063 G
633 1991 762 2058 lineolae
787 1984 932 2071 physicas
955 2000 1012 2045 seu
1033 1976 1129 2042 medii
1148 1988 1253 2059 partes

227 2117 359 2181 lineares
384 2112 508 2197 punctis
532 2102 804 2188 illie-interjectas,
834 2107 867 2159 et

229 2222 399 2289 successive
420 2220 583 2285 translatas
604 2217 638 2278 in
656 2215 725 2277 loca
739 2236 750 2271 a
765 2226 793 2289 φ,
810 2226 864 2287 ay
1102 2177 1110 2222 ’ζ

229 2327 407 2412 etessfg.
454 2312 864 2404 RectaeEeaequaliadu·
1108 2231 1267 2677 h

229 2443 317 2495 catur
331 2442 414 2493 recta
430 2430 458 2493 P
475 2430 506 2494 S.
541 2428 701 2492 Bisecetur
712 2424 821 2489 eadem
832 2423 865 2485 in

231 2539 273 2616 Ο,
300 2550 468 2623 centroque
492 2536 523 2601 O
545 2547 576 2599 ct
600 2532 762 2598 intervallo
786 2530 864 2596 ΟΡ

230 2647 423 2711 describatur
446 2642 578 2707 circulus
601 2644 625 2707 S
647 2641 663 2706 1
688 2641 715 2704 Ρ
736 2641 756 2703 i.
802 2639 865 2702 Per
912 2654 944 2707 11
958 2676 1283 2744 ΜΞ-

231 2753 322 2840 hujus
359 2751 635 2817 circumferentiam
667 2760 763 2814 totam
793 2770 865 2811 cum
943 2731 1249 2889 ῙΚῆῗ,

232 2861 370 2946 partibus
392 2862 455 2924 suis
477 2871 652 2944 exponatur
676 2872 797 2943 tempus
818 2871 866 2922 to-
1090 2899 1118 2954 P

232 2982 299 3032 tum
313 2969 493 3034 vibrationis
504 2969 595 3032 unius
606 2990 677 3032 cum
688 2970 783 3053 ipsius
794 2991 867 3054 par·
993 2981 996 2986 '

167 3096 170 3102 ·
233 3079 314 3141 tibus
340 3077 639 3162 proportionalibus3
666 3077 709 3140 sic
739 3093 774 3142 ut
801 3101 873 3144 com
924 3094 958 3146 to
982 3093 1122 3164 tempore
1148 3073 1255 3162 quovis

235 3185 262 3247 P
281 3185 315 3247 H
337 3183 385 3246 vel
407 3184 487 3246 PH
504 3183 573 3260 Sh,
601 3183 627 3246 si
646 3183 827 3251 demittetur
848 3189 889 3251 ad
911 3189 939 3253 P
956 3190 979 3254 S
1000 3183 1256 3272 perpendiculum

235 3287 272 3350 H
288 3287 316 3348 L
331 3287 380 3350 vel
394 3279 452 3363 h‘l,
469 3300 501 3351 et
515 3287 653 3371 capiatur
669 3289 719 3353 Es
734 3292 861 3376 aequalis
879 3293 945 3358 PL
959 3293 1010 3357 vel
1027 3293 1090 3370 Pl,
1106 3301 1258 3376 punctum

234 3393 397 3478 physicum
421 3395 450 3458 E
469 3397 640 3479 reperiatur
655 3397 687 3462 in
702 3425 722 3462 s.
768 3399 843 3466 Hac
864 3403 933 3488 lege
953 3414 1104 3486 punctum
1128 3398 1257 3485 quodvis

237 3499 274 3574 E,
299 3499 401 3561 eundo
423 3499 463 3562 ab
484 3500 584 3583 Eper
598 3502 663 3565 aad
678 3526 706 3579 e,
729 3515 761 3567 et
782 3507 855 3569 inde
875 3507 1036 3570 redeundo
1056 3527 1138 3590 pere
1153 3502 1192 3565 ad
1216 3502 1255 3579 Ε,

235 3603 346 3666 iisdem
367 3602 596 3667 accelerationis
611 3627 647 3667 ac
662 3608 878 3672 retardationis
899 3610 1049 3698 gradibus
1070 3607 1257 3670 vibrationes

235 3709 370 3796 singulas
384 3721 513 3796 peraget
533 3711 575 3793 (¹¹)
591 3733 662 3774 cum
684 3713 841 3778 oscillante
862 3715 1008 3798 pendulo.
1055 3712 1258 3778 Probandum

235 3827 282 3879 est
296 3817 381 3902 quod
396 3818 517 3904 singula
530 3819 624 3882 medii
638 3834 753 3903 puncta
767 3822 896 3909 physica
906 3817 961 3887 tili
972 3834 1060 3886 motu
1076 3821 1186 3909 agitari
1201 3819 1256 3883 de·
1297 3899 1301 3904 ι

235 3926 337 3991 beant.
384 3926 551 4014 Fingamus
573 3928 668 4014 igitur
689 3931 826 3994 medium
847 3931 901 3995 tali
922 3946 1011 3994 motu
1027 3954 1050 3993 a
1067 3928 1159 3994 causi
1181 3925 1257 4013 qud·
1315 3941 1361 4053 ΝΗ

237 4054 359 4119 cunque
374 4033 456 4112 cieri,
473 4045 504 4096 et
518 4034 676 4098 videamus
691 4037 766 4122 quid
781 4038 856 4102 inde
870 4049 1025 4125 sequatur.
1287 4089 1291 4095 .

270 4181 303 4245 (⁸)
316 4185 329 4212 ⁵
342 4184 416 4231 Medii
426 4184 569 4246 quictamus,
580 4182 605 4229 id
613 4191 655 4240 est,
666 4182 772 4232 nondum
781 4184 861 4246 agitati
893 4184 1157 4244 medioelaaticopuleut
1164 4183 1293 4231 secundum
1298 4182 1448 4230 ditectionem
1457 4182 1480 4228 B
1487 4182 1517 4236 C,

238 4245 403 4294 vibrationibus
413 4247 514 4308 corporis
524 4246 623 4303 tremuli,
634 4257 676 4294 aut
683 4245 738 4294 inde
745 4247 862 4308 mudnatis
893 4249 1040 4308 producente,
1056 4257 1081 4295 et
1090 4246 1189 4309 singulis
1198 4247 1250 4294 aliie
1259 4247 1424 4294 vibrationibus
1434 4259 1517 4303 corpo-

238 4307 297 4355 aens
306 4309 416 4366 pulsibus.
524 4357 527 4364 .
894 4312 926 4358 ris
936 4312 1029 4358 aemuli
1044 4311 1081 4357 vel
1096 4309 1188 4357 chordae
1204 4310 1299 4357 munere
1314 4324 1344 4356 ex
1359 4310 1394 4356 itu
1405 4317 1429 4355 et
1442 4308 1519 4354 reditu

271 4370 365 4434 (²)814.
379 4373 865 4435 ‘Singuliroihratiouibuceurttctredeuut
885 4375 1035 4434 'compostae
1054 4373 1140 4452 singuli
1156 4374 1318 4421 excitabuntur
1333 4372 1415 4433 pulsus
1431 4371 1515 4435 (Prota

241 4433 265 4482 Si
276 4435 377 4492 corporis
383 4437 477 4483 tremuli
486 4447 527 4484 aut
534 4437 626 4484 chordae
634 4439 729 4485 musicae
738 4439 865 4486 oscillantis
898 4438 1017 4500 XLIII.)
1036 4446 1106 4498 atque
1120 4435 1178 4485 ederi
1193 4437 1274 4498 pulum
1289 4436 1436 4484 numanam
1451 4449 1517 4480 suam

156 4539 164 4552 s
238 4497 352 4558 particula
362 4497 458 4557 inpriat
472 4501 560 4548 moveri
571 4501 595 4546 in
609 4501 639 4558 tt,
656 4511 680 4548 et
690 4502 768 4549 eundo
785 4516 864 4549 aemam
896 4502 1002 4549 describit
1022 4500 1168 4548 intuendum
1182 4511 1296 4560 punctum
1315 4500 1346 4556 E,
1367 4498 1518 4546 vibrationetn

239 4560 360 4608 transierat
368 4561 439 4606 medii
446 4573 559 4620 punctum
568 4565 599 4621 E,
606 4565 631 4610 in
638 4564 714 4612 locum
723 4581 744 4622 e,
751 4575 775 4613 et
781 4563 865 4612 deindei
886 4555 969 4612 'unam
979 4580 1008 4611 ex
1018 4565 1054 4612 itu
1064 4573 1088 4611 et
1097 4565 1173 4611 reditu
1188 4579 1230 4624 per
1244 4563 1404 4611 braviisbnum
1418 4562 1519 4622 φαίνω

239 4623 353 4685 partitula
363 4623 404 4669 illa
415 4625 506 4670 charde
517 4628 613 4674 mudena
623 4629 646 4674 vi
657 4629 749 4689 proprii
760 4639 783 4676 et
791 4643 864 4689 punc·
898 4629 921 4676 E
932 4644 954 4683 e,
964 4628 1123 4688 compositam,
1134 4627 1239 4676 absolut.

238 4697 291 4736 tum
301 4703 322 4744 e,
333 4686 405 4734 medii
416 4688 475 4733 iuter
485 4702 507 4743 e,
523 4698 547 4735 et
560 4691 579 4737 C
590 4691 714 4751 compressi
725 4708 751 4740 ac
762 4690 863 4739 conden-
928 4691 963 4754 (¹¹)
973 4695 987 4722 ¹⁸
998 4695 1060 4742 Cum
1066 4694 1180 4740 meante
1186 4693 1288 4754 pendula
1299 4690 1382 4755 (riou
1390 4688 1452 4737 LII.
1463 4688 1519 4736 Lib.

240 4751 282 4798 sati
297 4751 432 4799 eumaem
442 4749 538 4798 redeant
553 4752 578 4798 in
594 4753 673 4801 locum
688 4755 720 4813 E,
739 4755 823 4803 uticus
837 4754 863 4799 in
896 4753 942 4815 I.).
