3275 5650
96 434 207 501 Lrsss
225 432 392 509 Saounn]
441 428 682 499 PRINCIPIA
712 430 1091 521 MATHEMArlcs,
1324 435 1380 499 151

93 607 127 672 D
141 606 193 671 vel
206 606 229 669 d
243 605 294 669 vel
309 606 339 669 E
362 605 402 689 (⁹)
418 616 454 670 ut
474 604 638 690 longitudo
652 626 743 669 arcun
759 604 837 671 OD
859 605 908 667 vel
925 605 953 670 C
967 604 990 667 d
1003 605 1053 669 vel
1070 604 1098 669 C
1114 604 1153 668 E.
1199 605 1385 689 Eri-ponnus
1479 640 1491 665 .

93 713 138 775 vis
152 712 207 775 illa
220 733 279 795 per
294 710 429 775 eundem
443 732 567 787 aroum3
583 723 614 775 et
629 733 701 775 curn
715 711 891 775 resistentia
905 711 946 773 sit
960 721 995 773 ut
1016 722 1210 774 momentum
1225 711 1383 794 temporis,

94 819 225 904 ideisque
240 817 342 894 detur,
367 831 542 902 exponatur
555 819 666 883 eadem
679 841 736 904 per
751 820 857 883 datam
870 840 961 883 arcus
981 819 1133 904 cycloidis
1151 832 1272 901 partem
1297 820 1325 882 C
1341 819 1382 895 O,

3 978 4 983 ,
94 938 123 989 et
136 935 279 989 sumatur
294 945 385 987 arcun
401 924 432 989 Ο
446 924 469 988 d
483 924 646 989 iuratione
661 926 702 989 ad
716 946 825 989 areum
841 925 869 988 C
884 925 919 989 D
933 947 1028 1010 quarn
1038 924 1133 987 habet
1147 946 1237 987 arcus
1252 924 1284 987 Ο
1301 925 1329 987 Β
1344 924 1385 987 ad

93 1053 202 1096 arcum
219 1030 308 1123 CB:
333 1040 364 1095 et
375 1030 421 1095 vis
437 1030 496 1116 qud
513 1053 626 1115 corpus
641 1032 674 1095 in
689 1030 711 1095 d
725 1045 856 1117 urgetur
876 1034 910 1095 in
931 1033 1037 1097 medio
1051 1034 1223 1109 resistente,
1251 1054 1323 1095 curn
1346 1033 1384 1095 sit

92 1160 240 1207 excessus
261 1141 308 1205 vis
337 1141 364 1206 C
383 1142 407 1204 d
430 1163 524 1225 supra
546 1141 755 1207 resistentiam
782 1141 868 1219 CO,
894 1155 1070 1227 exponetur
1090 1164 1148 1226 per
1172 1164 1280 1205 arcum
1305 1143 1336 1207 Ο
1351 1144 1382 1220 d,

2 1204 6 1361 i
91 1250 228 1334 ideoque
241 1247 302 1311 erit
316 1247 357 1310 ad
371 1248 443 1325 vim,
460 1248 521 1334 qud
537 1270 650 1333 corpus
667 1250 700 1313 D
715 1262 846 1335 urgetur
860 1251 893 1313 iu
907 1251 1012 1313 medio
1026 1272 1091 1315 non
1102 1251 1264 1314 resistente
1273 1250 1385 1313 inloco

93 1357 138 1434 D,
157 1352 1017 1441 utmodadncumcnsstpropterssetiam
1038 1357 1072 1420 in
1093 1356 1164 1420 loco
1186 1357 1215 1421 B
1238 1371 1274 1421 ut
1294 1378 1384 1421 arcus

1076 1499 1092 1530 ι.

95 2867 124 2931 0
141 2866 171 2930 B
185 2867 229 2930 ad
243 2887 353 2930 arctim
370 2864 452 2927 CB.
500 2861 638 2928 Proinde
654 2859 917 2944 sicorporsduo,
932 2858 1016 2936 D,d
1032 2876 1146 2926 exeant
1161 2863 1286 2928 deloco
1303 2865 1340 2940 B,
1357 2875 1389 2928 et

91 2973 139 3036 his
163 2973 285 3036 viribus
306 2983 493 3058 urgeantur:
520 2992 592 3033 cum
615 2969 695 3032 vires
718 2968 776 3030 sub
798 2967 887 3030 initio
910 2968 973 3031 sint
986 2981 1022 3032 ut
1036 2991 1127 3032 arcus
1144 2971 1217 3034 CB
1239 2985 1271 3035 et
1293 2973 1325 3036 Ο
1342 2972 1388 3045 Β;

92 3081 127 3162 (¹)
144 3091 239 3142 erunt
264 3078 441 3142 velocitates
464 3075 575 3160 primae
599 3086 631 3138 et
655 3095 745 3137 arcus
771 3073 874 3156 primo
898 3072 1046 3157 descripti
1068 3075 1102 3136 in
1123 3074 1232 3138 eidem
1255 3077 1386 3142 ratione.

91 3185 196 3249 Sunto
213 3206 305 3247 arcus
320 3183 366 3246 illi
383 3183 411 3245 B
426 3183 471 3258 D,
487 3192 518 3244 et
535 3180 563 3244 B
579 3179 612 3256 d,
628 3201 718 3244 mous
734 3179 846 3263 reliqui
863 3178 891 3241 C
907 3179 950 3257 D,
969 3178 1145 3244 Oderunt
1163 3182 1197 3242 in
1216 3180 1325 3249 eidem
1341 3204 1388 3244 ra·

89 3293 185 3357 tione.
235 3292 374 3357 Proinde
388 3291 481 3368 vires,
503 3289 578 3372 ipsis
595 3288 623 3353 C
638 3288 682 3365 D,
700 3286 732 3352 Ο
747 3286 769 3350 d
783 3287 1032 3371 proportionales
1047 3289 1218 3352 manebunt
1232 3291 1265 3352 in
1279 3290 1388 3353 eidem

3 3380 8 3393 ⁴
90 3400 215 3462 ratione
231 3420 268 3461 ac
284 3397 342 3461 sub
357 3397 456 3473 initio,
469 3407 501 3460 et
514 3405 684 3480 propterea
694 3413 827 3476 corpora
841 3395 974 3480 pergent
989 3414 1079 3456 arcus
1095 3395 1127 3455 in
1150 3395 1257 3458 eidem
1270 3399 1389 3460 ratione

89 3505 185 3580 simul
214 3503 401 3568 describere.
448 3503 550 3590 Igitur
571 3501 653 3564 vires
675 3513 706 3565 et
728 3500 907 3564 velocitates
929 3513 960 3565 et
974 3523 1065 3564 arcus
1088 3503 1198 3588 reliqui
1216 3504 1243 3568 C
1259 3505 1303 3581 D,
1321 3506 1389 3570 Od

89 3633 219 3695 semper
245 3621 338 3673 erunt
362 3621 397 3673 ut
422 3629 512 3672 arcus
536 3607 595 3671 toti
621 3606 649 3670 C
665 3606 704 3684 B,
733 3605 764 3670 Ο
780 3606 819 3683 Β,
845 3618 877 3670 et
901 3621 1070 3691 propterea
1092 3629 1181 3671 arcus
1205 3609 1251 3672 illi
1277 3611 1388 3695 reliqui

87 3717 126 3802 (⁸)
144 3715 243 3779 simul
258 3715 483 3778 describentur.
530 3713 638 3788 Quare
653 3734 786 3796 corpora
800 3712 864 3775 duo
879 3712 923 3790 D,
937 3713 958 3774 d
970 3713 1061 3775 simul
1072 3715 1254 3797 pervenient
1267 3716 1308 3779 ad
1319 3717 1388 3780 loca

87 3821 118 3886 C
133 3833 168 3885 et
183 3803 227 3898 O,
243 3821 377 3885 alterum
392 3821 518 3907 quidem
532 3821 566 3882 in
580 3821 685 3885 medio
700 3843 764 3885 non
779 3821 941 3884 resistente
963 3821 1003 3884 ad
1024 3822 1138 3884 locum·
1146 3823 1183 3899 C,
1209 3836 1242 3887 et
1255 3825 1387 3888 alterum

84 3930 121 3992 in
135 3929 246 3993 medio
259 3929 422 3994 resistente
437 3928 478 3992 ad
492 3927 596 3992 locum
613 3927 654 3992 Ο.
701 3927 784 3991 Cum
806 3939 911 3990 autem
933 3928 1110 3992 velocitates
1133 3929 1167 3991 in
1190 3930 1264 3993 Cet
1280 3931 1311 3994 Ο
1327 3931 1388 3994 sint

85 4047 123 4100 nt
138 4055 236 4098 arcus
251 4035 282 4098 C
298 4035 337 4111 B,
355 4033 451 4109 0133
474 4045 566 4096 erunt
588 4055 689 4110 arcus,
715 4055 793 4118 quos
814 4053 948 4116 corpora
969 4033 1099 4097 ulterius
1113 4036 1274 4122 pergendo
1296 4037 1388 4102 simul

85 4141 285 4228 describunt,
303 4141 338 4225 (²)
353 4141 387 4202 in
401 4138 512 4205 eisdem
526 4139 656 4202 ratione.
702 4140 803 4203 Sunto
814 4139 863 4234 illi
879 4140 908 4202 C
924 4140 953 4203 E
968 4154 1000 4204 et
1015 4140 1046 4206 Ο
1061 4165 1088 4204 e.
1127 4143 1184 4205 Vis
1200 4142 1260 4228 qui
1275 4166 1389 4230 corpus

118 4315 159 4376 (⁸)
179 4317 212 4363 Ut
221 4315 339 4374 longitudo
346 4329 424 4369 mous,
433 4313 475 4360 &a
496 4312 543 4358 Per
554 4310 730 4358 demonstratio-
762 4327 804 4372 per
816 4311 837 4358 C
850 4312 872 4359 B
883 4311 913 4358 sd
927 4311 950 4360 0
963 4313 993 4369 Β,
1005 4321 1033 4360 ut
1046 4314 1066 4362 C
1079 4314 1105 4360 D
1115 4313 1145 4361 sd
1158 4315 1181 4362 0
1193 4315 1223 4373 d;
1240 4329 1390 4365 sanescente

85 4395 146 4429 nm
161 4378 238 4437 Prop.
253 4377 298 4423 LI.
313 4385 337 4423 et
349 4377 403 4424 Cor.
418 4382 440 4422 9.
456 4376 527 4436 Prop.
543 4375 605 4423 Lll.
621 4374 674 4422 Lib.
690 4375 711 4422 l.
763 4391 818 4422 arcu
832 4375 890 4432 Od,
902 4387 1021 4422 evanescet
1031 4377 1101 4423 etiam
1111 4393 1179 4425 worn
1192 4381 1212 4427 C
1223 4381 1255 4436 D,
1268 4397 1390 4441 seupune-

118 4443 158 4509 (¹)
174 4444 188 4473 ⁸
202 4443 420 4490 Eruntoelocitates
427 4443 519 4501 prima,
532 4441 573 4486 de.
595 4440 666 4496 Nam,
674 4437 729 4486 dato
761 4447 813 4488 tum
825 4438 841 4485 d
852 4454 907 4486 cnm
920 4440 951 4496 0,
966 4451 990 4488 et
1002 4441 1027 4488 D
1038 4455 1093 4487 cum
1105 4443 1124 4488 C
1136 4444 1207 4490 simul
1217 4445 1356 4508 coincident.

84 4505 354 4634 ffipsmppnp
372 4503 732 4629 iiiiiii'agii‘i'rssiiiii
763 4502 1389 4632 niliffii'diiffl'iidioffinliiiii

90 4630 448 4691 cnr.4.Lem.x.Lin1.)
762 4629 1389 4699 taminmediorasjstentsquaminmediononre·

118 4698 156 4763 (⁸)
171 4701 186 4728 ⁸
199 4698 280 4746 Sinas
290 4696 453 4743 describentur.
480 4693 545 4750 Quia
554 4692 617 4742 enim
628 4701 729 4741 masm-
762 4693 857 4742 sistente
868 4693 933 4759 (11.)

719 4775 772 4827 Ks
1002 4803 1018 4834 0
