3275 5650
6 469 7 472 =
106 431 217 494 Lmen
236 431 399 514 Scotum]
444 432 682 500 PRINCIPIA
714 433 1083 504 MATHEMATICA.
1339 450 1383 508 39

107 619 230 662 necnon
256 601 400 684 spatium,
427 602 510 686 quod
533 623 646 687 corpus
667 605 792 691 aliquod
815 606 927 671 eodem
948 621 1089 694 tempore
1111 611 1142 674 A
1156 613 1201 689 Ι),
1223 613 1384 680 velocitate

104 706 205 788 primi
223 707 255 770 A
272 708 310 784 B,
335 707 368 770 in
389 707 492 772 medio
506 729 570 773 non
583 712 745 776 resistente
759 713 935 778 describere
948 729 1063 798 posset,
1087 719 1134 802 (¹⁰)
1148 739 1207 802 per
1219 734 1384 808 rectengu·

106 815 172 879 lum
188 816 220 880 A
240 817 268 880 B
292 831 318 880 Χ
341 818 371 880 Α
387 816 430 881 D.
1027 879 1031 884 ,

144 925 248 986 Corui.
265 931 295 985 2.
320 923 415 988 Unde
429 925 520 988 detur
534 926 668 1008 spatium
682 928 714 990 in
729 929 834 992 medio
854 931 1016 994 resistente
1036 931 1234 1016 descriptum,
1255 933 1378 1017 copien-
1483 996 1486 1003 .

6 1029 7 1034 ’
102 1029 141 1092 do
155 1029 239 1092 illud
253 1030 293 1091 ed
308 1030 441 1112 spatium
455 1032 539 1120 quod
554 1031 716 1096 velocitete
731 1033 879 1098 uniformi
895 1036 925 1098 A
942 1036 971 1100 B
984 1037 1018 1099 in
1032 1037 1138 1100 medio
1147 1059 1212 1102 non
1219 1041 1380 1106 resistente

6 1219 8 1234 Κ
104 1137 193 1200 simui
217 1135 352 1200 describi
372 1149 485 1221 posset,
507 1150 542 1202 ut
557 1151 604 1203 est
619 1161 690 1204 eree
710 1139 912 1226 hyperbolice
926 1143 958 1206 A
974 1144 1003 1208 Β
1018 1145 1052 1210 G
1066 1143 1100 1208 D
1114 1146 1155 1210 ed
1169 1149 1381 1234 rectengnluut

104 1244 334 1308 ABxAn

145 1355 247 1418 Corol.
265 1364 294 1418 3.
317 1354 421 1418 Detur
437 1355 530 1418 etiem
545 1355 717 1420 resistentie
731 1357 835 1434 medii,
858 1361 1023 1424 statuendo
1037 1381 1105 1423 enm
1122 1362 1192 1446 ipso
1205 1363 1307 1427 motin
1322 1364 1381 1426 ini-

6 1543 7 1548 *
103 1461 313 1546 tioaequalem
328 1463 439 1526 esseni
453 1461 598 1526 uniformi
613 1464 801 1548 centn-ipen,
829 1487 899 1551 quoe
926 1469 958 1530 in
980 1469 1111 1534 cedente
1135 1493 1276 1554 corpore,
1302 1485 1381 1535 tem·

101 1592 176 1656 pore
200 1570 232 1634 A
251 1569 288 1646 C,
315 1569 348 1632 in
373 1569 477 1634 medio
500 1592 564 1634 non
590 1571 762 1649 resistente,
787 1594 937 1659 generare
957 1588 1064 1658 posset
1084 1576 1278 1642 velocitatem
1293 1580 1325 1642 A
1341 1579 1379 1643 Β.

6 1677 8 1770 ξ
103 1675 183 1738 Nam
199 1677 226 1740 si
241 1676 373 1740 ducetur
389 1676 418 1740 B
433 1677 464 1742 T
478 1699 548 1761 quae
564 1689 672 1766 tanget
681 1677 885 1764 hyperbolem
899 1681 933 1744 in
949 1681 988 1759 Β,
1003 1694 1036 1746 et
1048 1697 1191 1748 occumet
1204 1699 1380 1771 nsymptoto

7 1863 8 1866 Ἴ
100 1783 130 1843 in
145 1782 195 1856 T3
220 1783 262 1864 (¹¹)
277 1795 363 1846 recta
377 1782 449 1867 AT
462 1783 589 1869 equalis
598 1785 656 1848 erit
671 1785 732 1884 ipsi
746 1785 777 1848 A
793 1785 832 1861 C,
855 1787 893 1869 (⁰)
909 1797 940 1849 et
954 1801 1076 1871 tempus
1090 1804 1236 1873 exponet,
1253 1814 1316 1877 quo
1329 1815 1379 1856 re-

6 1955 8 1970 ,
100 1888 238 1950 sistentia
253 1889 354 1969 prima
362 1886 553 1952 uniformiter
561 1888 740 1953 continuate
750 1889 859 1954 tollere
867 1892 1175 1974 possetvelocitetem
1183 1897 1376 1962 totamAB.

140 1993 243 2054 Corol.
257 2001 287 2054 4.
305 1992 344 2074 (Ρ)
361 1991 403 2056 Et
411 1992 483 2056 inde
497 1993 589 2056 dutur
603 1995 695 2058 etiem
708 1997 874 2080 proportio
884 1995 976 2082 hujus
986 1999 1168 2063 resistentie
1181 2001 1296 2063 edvim
1306 2023 1377 2091 gre·

6 2089 7 2154 2
98 2101 208 2177 vitatis,
225 2099 357 2164 aliamve
373 2101 509 2185 quemvis
525 2101 628 2164 datam
642 2102 704 2166 vim
719 2103 932 2187 centripetem.

126 2276 169 2340 (¹¹¹)
183 2278 223 2325 ⁷9.
238 2280 253 2307 ⁸
268 2281 315 2325 Per
324 2281 482 2340 metangdcm
493 2281 518 2328 A
530 2283 553 2327 Β
567 2285 591 2336 Χ
606 2281 671 2328 AD.
700 2279 725 2328 Si
756 2279 810 2328 dein
830 2280 977 2329 uniformiter
991 2282 1125 2331 corfinum
1139 2285 1249 2345 temporie
1259 2295 1378 2336 momento

97 2339 157 2391 enm
179 2339 294 2388 velocitas
316 2343 340 2387 A
361 2343 391 2398 B,
413 2350 491 2390 menet
512 2343 601 2396 erdem,
622 2351 725 2402 tempore
758 2343 783 2390 K
795 2343 884 2398 heire
897 2345 921 2391 A
933 2345 967 2401 K,
983 2344 1075 2395 tolieret
1094 2349 1162 2395 etiem
1180 2348 1325 2396 velocitatem
1340 2351 1381 2397 kt

99 2403 167 2460 AK,
189 2403 306 2450 describet
322 2406 518 2466 corpusspstinm
538 2407 634 2464 ABx
650 2408 672 2453 A
687 2405 720 2464 K,
751 2407 1141 2470 :Berremporismomenso
1159 2411 1231 2466 LM.
1247 2427 1289 2460 eeu
1305 2413 1377 2472 AK,

95 2467 151 2514 dum
179 2466 207 2512 in
236 2467 318 2514 medio
344 2468 463 2516 resistente
488 2469 595 2516 describit
621 2469 721 2530 epatium
752 2469 896 2518 velocitatem
915 2474 1013 2532 με
1031 2474 1054 2520 Β
1070 2491 1091 2530 e,
1111 2473 1180 2536 atque
1197 2475 1232 2522 iet
1253 2474 1377 2536 deinceps3
1483 2491 1486 2497 ·
1528 2489 1530 2494 '

96 2532 117 2576 A
129 2530 176 2578 Bk
191 2530 225 2586 K,
235 2540 340 2590 tempore
353 2531 378 2578 K
386 2532 409 2578 L
418 2532 536 2578 velocitate
546 2533 569 2578 A
581 2532 722 2580 Bdeseribet
752 2531 825 2594 quere
838 2534 967 2582 resistentie
981 2537 1057 2594 prime
1075 2538 1223 2584 uniformiter
1242 2539 1377 2586 continuate

94 2595 196 2653 spatium
208 2594 234 2640 A
249 2593 271 2640 Β
285 2600 311 2650 χ
326 2593 351 2640 K
364 2595 393 2649 L,
410 2595 467 2642 dbm
482 2596 505 2640 in
517 2594 594 2641 medio
604 2595 722 2642 resistente
752 2605 857 2658 tempore
877 2599 936 2646 AT
952 2599 1042 2646 tolieret
1057 2601 1201 2648 velocitatem
1216 2611 1289 2648 totam
1308 2604 1332 2650 A
1345 2604 1376 2660 Β,

93 2657 203 2704 describit
218 2657 323 2716 spatium
339 2658 363 2705 K
374 2658 391 2704 it
402 2658 411 2705 l
423 2659 452 2716 L,
470 2668 492 2706 et
502 2657 534 2704 tet
543 2659 652 2718 deinceps
668 2663 718 2722 (14.

93 2721 146 2768 Ln.
160 2720 216 2780 1.);
233 2733 308 2782 quere
323 2729 425 2784 tempore
443 2722 466 2767 A
479 2721 507 2768 M
519 2721 637 2769 velocitate
647 2721 721 2781 primi

93 2785 153 2831 AB
171 2785 201 2830 in
219 2783 301 2831 medio
318 2798 366 2831 non
383 2785 500 2833 resistente
515 2783 627 2832 describet
637 2797 721 2845 corpus

90 2849 194 2907 metium
213 2848 367 2911 ABX(A
385 2848 490 2913 1441<
507 2849 611 2913 L÷n
628 2848 719 2907 M)=

92 2912 149 2958 AB
164 2918 193 2967 χ
210 2912 233 2957 A
248 2910 294 2969 M;
311 2913 529 2971 ettemporeAD,
545 2912 717 2971 spetiumAB

91 2981 116 3031 Χ
137 2978 159 3022 A
181 2975 218 3021 D.
256 2974 291 3021 Et
309 2975 419 3036 quoniam
437 2976 487 3035 ipso
500 2974 578 3023 motiie
594 2975 668 3031 initio,
684 2984 719 3023 est

90 3054 141 3085 eree
153 3039 178 3085 A
192 3037 285 3093 BkK,
297 3038 535 3101 aequeiierectenguio
548 3039 637 3095 AB><
650 3038 676 3085 K
691 3038 715 3093 k,

88 3110 158 3176 etque
173 3100 256 3211 Ἦ
265 3102 290 3146 iu
300 3100 503 3211 megotggistentc
513 3111 537 3149 et
547 3102 571 3147 in
582 3102 717 3212 medianis?

451 3181 481 3211 rte
501 3180 620 3211 momeno

611 3325 619 3348 5

85 3356 191 3415 spatium
204 3352 290 3401 eodem
302 3362 404 3414 tempore
413 3355 439 3400 in
455 3355 532 3402 medio
542 3370 590 3402 non
600 3355 717 3401 resistente

86 3418 235 3479 desaipmm
248 3417 370 3464 velocitste
382 3419 405 3464 A
419 3419 447 3471 B,
461 3428 488 3465 ut
498 3428 532 3465 est
542 3433 595 3465 eree
605 3418 717 3477 hyperbo·
821 3440 826 3449 ·

85 3480 692 3543 lirsABGDadrectengulumABxAD.

115 3552 154 3593 80.
170 3546 217 3592 Ex
229 3544 361 3591 Corollario
371 3544 446 3604 primo
456 3545 558 3607 sequitur
567 3554 670 3603 tempore
681 3544 716 3589 in·

87 3608 151 3655 finito
168 3608 280 3669 spatium
296 3606 413 3654 infinitum
424 3608 521 3655 describi
531 3608 556 3653 in
566 3607 644 3655 medio
653 3606 716 3681 quod

87 3682 211 3783 m
222 3682 316 3789 rilindi?
326 3670 718 3782 ffldeeiddittdisstotffdddddx
748 3736 804 3797 quie
816 3736 841 3781 A
854 3735 875 3783 Β
894 3734 991 3797 equalis
1001 3743 1036 3783 eet
1045 3736 1154 3784 omnibus
1163 3735 1299 3784 differentiis
1311 3735 1338 3808 ‘B
1349 3750 1370 3791 e,

87 3800 196 3856 nocais,
215 3796 265 3844 nisi
278 3797 368 3844 infinite
378 3796 459 3845 erodet
469 3807 530 3845 recte
542 3799 566 3845 A
578 3799 612 3855 D,
629 3799 673 3845 boc
684 3805 718 3843 est
749 3800 793 3855 kt,
804 3800 852 3861 gb,
864 3800 905 3845 &c
922 3814 995 3860 usque
1005 3798 1036 3847 ed
1047 3801 1083 3856 Τ;
1103 3800 1137 3847 vn
1151 3811 1231 3847 eutem
1246 3807 1371 3855 cenmpets
1391 3848 1396 3853 ,

84 3864 126 3909 uisi
136 3874 239 3923 tempus
248 3868 329 3907 motus
339 3860 503 3916 sitinfinitum,
514 3860 718 3922 tuncqueiniinitr
749 3877 802 3923 qure
820 3872 924 3921 tempore
942 3862 965 3908 A
978 3862 1012 3918 K,
1029 3862 1136 3922 producit
1154 3863 1297 3910 velocitetem
1316 3861 1369 3915 Be,

82 3926 174 3975 titeren
195 3926 222 3973 A
236 3925 262 3972 B
278 3924 301 3971 G
314 3924 348 3982 D,
364 3939 405 3971 eeu
419 3924 667 3985 spetiumdescriptum
684 3932 719 3971 ert
750 3925 847 3986 aeqtrulis
861 3934 897 3971 est
913 3924 935 3971 ri
953 3940 1006 3986 que
1021 3925 1103 3973 eodem
1124 3926 1234 3985 temporis
1250 3934 1370 3996 momento

78 3990 215 4039 infinitum·
750 3988 848 4035 eundem
863 3988 1007 4035 velocitetem
1019 3989 1042 4035 Β
1053 3990 1197 4051 eertinguit,
1216 4003 1257 4033 seu
1275 3986 1370 4047 equalis

112 4056 150 4117 (¹)
165 4059 180 4086 '
196 4054 309 4103 ReetaA
325 4054 448 4115 Tequelie
460 4054 625 4114 oniperto.
660 4051 719 4115 (Per
750 4062 785 4101 eet
799 4051 1031 4111 meantum,
1048 4051 1301 4110 etilleriecenteipete
1316 4050 1369 4095 uni·

79 4118 170 4165 (ibeor.
189 4118 215 4164 1.
227 4117 261 4165 de
276 4115 356 4176 Hyp)
749 4114 830 4162 fonnis
845 4128 942 4162 merens
950 4124 1000 4163 toto
1010 4126 1113 4175 tempore
1124 4117 1149 4161 A
1162 4114 1191 4170 T,
1203 4122 1275 4161 mrem
1285 4114 1369 4160 reloci-

123 4182 147 4243 ⁰)
170 4184 186 4212 ⁸
209 4182 245 4228 Et
267 4189 358 4241 tem1ms
375 4188 472 4239 exportet.
508 4179 628 4227 Ordinetae
651 4178 677 4227 K
692 4179 716 4233 k,
749 4188 819 4227 tetem
834 4179 857 4224 A
870 4178 902 4230 Β.
917 4179 1060 4238 produceret,
1077 4176 1369 4239 quemresistentieprime

77 4245 100 4293 L
143 4246 178 4293 M
191 4260 228 4301 m,
241 4244 288 4291 &c
306 4252 376 4289 rectae
387 4242 410 4289 B
424 4242 452 4299 T,
464 4252 584 4289 occurrent
594 4244 619 4289 iu
630 4242 653 4300 k,
664 4244 688 4299 b,
700 4243 716 4300 i,
748 4241 871 4290 uniformis
888 4256 985 4289 mensus
1000 4242 1081 4288 eodem
1097 4250 1199 4301 tempore
1209 4240 1367 4301 extinguam

75 4312 119 4356 &c
141 4324 173 4356 ex
194 4305 298 4368 punctis
314 4305 339 4362 k,
351 4307 374 4360 b,
387 4306 403 4361 i,
423 4306 521 4353 demisse
536 4308 582 4353 sint
599 4306 630 4353 ed
651 4307 674 4352 A
687 4306 716 4362 Β,
750 4303 806 4367 ergd
824 4304 951 4352 resistentie
969 4307 1044 4366 prime
1059 4302 1154 4364 equalis
1169 4312 1204 4351 est
1218 4305 1241 4349 vi
1258 4304 1368 4351 uniformi

75 4373 101 4419 K
114 4373 138 4427 k,
153 4373 180 4419 L
192 4372 213 4429 l,
225 4372 274 4417 dcc.
287 4368 452 4429 perpendicula
463 4369 489 4417 K
500 4386 519 4423 e,
532 4372 548 4416 h
559 4370 576 4425 f,
587 4368 597 4415 i
607 4386 630 4431 g,
641 4370 683 4415 &c
693 4379 716 4415 et
747 4368 880 4429 centripetre
888 4384 942 4429 quo
951 4369 977 4415 in
988 4367 1190 4425 cedenteoorpore,
1201 4376 1304 4426 tempore
1312 4368 1335 4413 A
1346 4368 1368 4413 Τ

74 4437 181 4497 mmptie
203 4432 356 4493 temporibus
374 4448 444 4495 quem
461 4433 563 4479 minimis
582 4434 645 4491 AK,
654 4431 679 4480 K
688 4432 716 4486 L,
748 4431 795 4478 eine
808 4433 833 4478 A
845 4433 874 4488 C,
884 4432 910 4477 in
920 4432 999 4479 medio
1008 4444 1057 4476 non
1066 4429 1186 4478 resisteme
1196 4446 1306 4495 gernere
1315 4445 1367 4490 pos-

72 4500 151 4558 LM,
174 4496 319 4560 aequalibus
335 4506 403 4543 munt
419 4496 472 4552 Be,
488 4496 533 4551 kf,
550 4498 593 4559 bg
610 4496 716 4559 equale,
748 4496 1011 4543 setrelocitetemAB.
1127 4521 1129 4525 ·

73 4564 111 4610 sed
129 4560 279 4611 resistentis
297 4558 374 4619 prime
388 4560 497 4619 temporis
511 4570 629 4607 momento
646 4560 669 4607 A
682 4560 716 4617 K,
737 4585 740 4592 ·
782 4560 816 4623 (Ρ)
836 4563 850 4590 ·
869 4562 902 4607 ln
920 4556 972 4607 teet
987 4560 1058 4606 datur
1072 4561 1141 4607 mem
1154 4561 1272 4621 proportio.
1304 4559 1368 4631 §unt

73 4628 135 4677 tollit
148 4626 312 4677 velocitatem
332 4622 504 4681 Art-Kt,
522 4624 630 4681 seniis,
647 4633 718 4673 eteo-
749 4623 813 4670 enim
832 4622 890 4669 vires
906 4620 1038 4683 ceutripete
1055 4622 1184 4671 uniformes
1198 4632 1226 4669 ut
1239 4622 1368 4669 reiocrtetos
