3275 5650
481 476 605 532 302
1101 464 1777 531 PHILOSOPHIAE
1824 462 2365 528 NATURALIS
2472 463 2691 542 [Mor.
2728 464 3032 529 Conpon.

483 636 613 699 rior
639 635 700 697 vi
731 635 932 719 aliqua
963 634 1342 698 extrinsecus
1370 632 1667 717 impressa
1696 644 1932 697 motum
1952 626 2128 694 illum
2146 642 2487 707 conservet,
2519 631 2742 697 efficiet
2768 644 2839 696 ut
2864 632 3037 699 idem

483 745 780 829 paulatim
812 756 1049 807 cesset.a

571 850 734 926 Quae
765 852 971 914 omnia
994 850 1064 912 in
1095 848 1252 935 aqua
1281 846 1592 934 profunda
1622 858 1945 933 stagnante
1974 847 2243 933 experiri
2270 846 2435 911 licet.

951 1085 1525 1209 *PROPOSITIO
1571 1142 1724 1208 Lu.
1812 1127 2355 1211 THEOREMA
2398 1141 2551 1209 xL.

477 1346 552 1410 Si
578 1347 813 1428 sphaera
842 1347 1056 1422 solida,
1103 1345 1383 1432 influido
1409 1346 1710 1429 uniformi
1726 1355 1785 1408 et
1813 1347 2071 1428 iffinim’
2116 1346 2279 1408 circa
2306 1366 2475 1436 axem
2492 1348 2799 1428 positione
2826 1353 3036 1417 datum

500 1520 506 1525 ,
562 1455 851 1539 uniformi
878 1475 1004 1517 cum
1031 1463 1188 1516 motu
1215 1456 1572 1529 revolvatur,
1605 1464 1665 1517 et
1691 1454 1769 1515 ab
1794 1453 1965 1537 Iny'us
1996 1457 2247 1536 impulsu
2273 1458 2397 1520 solo
2425 1455 2651 1539 agatur
2663 1460 2935 1545 fluidum
2967 1465 3035 1525 in

567 1564 760 1628 orbem
779 1599 803 1636 ;
836 1573 1174 1645 perseveret
1201 1567 1391 1625 autem
1410 1565 1612 1649 fluidi
1627 1586 1786 1645 pars
1812 1586 2178 1647 unaquoeque
2202 1566 2579 1647 unfformiter
2597 1570 2673 1630 ‘in
2702 1582 2861 1633 motu
2887 1594 2991 1637 suo
3010 1604 3031 1637 .-

563 1674 698 1749 dico
740 1674 897 1756 quod
923 1684 1188 1753 tempora
1205 1674 1524 1753 periodica
1555 1675 1831 1755 partium
1848 1676 2052 1759 fluidi
2078 1683 2253 1737 erunt
2278 1686 2345 1739 ut
2372 1678 2673 1759 quadrata
2702 1680 3033 1746 distantia·-

565 1802 698 1842 rum
725 1802 767 1841 a
794 1789 998 1844 centro
1021 1781 1289 1862 sphaerae.

569 1991 704 2055 Cas.
740 1999 798 2054 1.
847 1992 942 2056 Sit
972 1992 1032 2055 A
1064 1992 1117 2055 F
1147 1992 1206 2055 L
1235 1991 1477 2078 sphaera
1506 1989 1895 2067 uniformiter
1935 1985 2101 2054 'circa
2130 2012 2308 2054 axem
2344 1992 2392 2056 S
2419 1990 2487 2054 in
2518 1993 2735 2057 orbem
2765 2007 2917 2071 acta,
2966 2008 3030 2059 et

475 2096 729 2171 circulis
769 2098 1170 2163 concentricis
1217 2098 1274 2161 B
1307 2099 1372 2163 G
1403 2098 1502 2175 M,
1551 2098 1607 2161 C
1648 2098 1722 2160 H
1754 2097 1838 2172 N,
1886 2098 1952 2160 D
1986 2097 2020 2159 I
2052 2096 2136 2171 O,
2171 2095 2228 2159 E
2262 2096 2325 2159 K
2361 2097 2433 2174 P,
2468 2100 2581 2162 διο.
2618 2100 3031 2185 distinguatur

467 2205 736 2269 fluidum
782 2207 850 2269 in
895 2207 1076 2269 orbes
1125 2207 1479 2268 innumeros
1525 2204 1946 2267 concentricos
1986 2203 2263 2287 ejusdem
2302 2205 2740 2269 crassitudinis.
2832 2208 3032 2296 Finge

473 2323 684 2374 autem
725 2310 908 2373 orbes
937 2310 1074 2373 illos
1103 2332 1236 2372 esse
1279 2310 1541 2383 solidos;
1586 2321 1650 2372 et
2761 2312 2764 2319 '

471 2417 767 2501 quoniam
783 2417 1238 2502 homogeneum
1256 2428 1350 2478 est
1359 2415 1640 2494 fluidum,

468 2524 904 2607 impressiones
935 2524 1371 2609 contiguorum
1397 2524 1643 2586 orbium

467 2628 538 2689 in
568 2649 633 2689 se
661 2640 880 2691 mutuo
907 2626 1107 2705 factae,
1151 2640 1335 2691 erunt
1365 2634 1501 2712 (per
1526 2629 1643 2714 hy·-

468 2734 782 2821 potliesin)
837 2746 909 2798 ut
951 2756 1166 2798 eorum
1210 2736 1640 2799 translationes

468 2843 550 2906 ab
580 2843 841 2906 invicem
869 2853 932 2906 et
960 2843 1312 2927 superficies
1331 2845 1640 2931 contiguae

465 2950 534 3013 in
565 2952 788 3036 quibus
831 2953 1263 3037 impressiones
1305 2953 1479 3017 fiunt.
1529 2945 1662 3018 “''Si'

465 3058 789 3144 impressio
815 3059 882 3122 in
911 3060 1127 3123 orbem
1149 3061 1414 3146 aliquem
1443 3062 1643 3148 major

467 3180 562 3228 est
608 3167 708 3230 vel
752 3167 957 3231 minor
1006 3190 1086 3230 ex
1133 3182 1312 3251 parte
1368 3166 1638 3233 concava

469 3272 652 3357 quam
685 3297 764 3338 ex
793 3283 970 3359 parte
998 3277 1310 3352 convexa3
1339 3278 1638 3360 praevale-

465 3378 558 3440 bit
581 3380 902 3463 impressio
919 3381 1154 3458 fortior,
1177 3393 1240 3446 et
1257 3383 1640 3447 velocitatem

466 3486 634 3549 orbis
658 3486 756 3548 vel
779 3486 1143 3551 accelerabit
1161 3489 1259 3551 vel
1277 3491 1635 3570 retardabit,

463 3605 654 3676 prout
679 3594 766 3656 -in
813 3595 1074 3658 eandem
1130 3597 1451 3682 regionem
1499 3623 1642 3663 cum

467 3701 659 3786 ipsius
685 3714 860 3766 motu
888 3703 986 3766 vel
1015 3702 1079 3766 in
1099 3706 1469 3768 contrariam
1488 3706 1636 3769 diri-

462 3811 648 3897 gitur.
719 3811 993 3874 Proinde
1022 3824 1092 3874 ut
1112 3812 1279 3876 orbis
1309 3817 1638 3900 unusquis-

463 3941 584 4003 que
613 3919 676 3980 in
706 3932 880 3983 motu
911 3941 1024 3981 suo
1049 3933 1404 4002 perseveret
1445 3925 1850 4008 uniformiter,
1898 3930 2215 3996 debebunt
2256 3929 2686 4015 impressiones
2718 3954 2797 3996 ex
2837 3943 3021 4016 parte

461 4018 722 4113 utraque
766 4027 883 4090 sibi
926 4029 1189 4090 invicem
1217 4032 1468 4113 aequari,
1502 4045 1564 4097 et
1591 4034 1729 4098 fieri
1758 4038 1823 4100 in
1854 4041 2139 4126 regiones
2188 4043 2544 4105 contrarias·
2636 4041 2827 4106 Unde
2871 4040 3015 4103 curri

460 4134 894 4218 impressiones
927 4136 1049 4234 sint
1077 4147 1147 4198 ut
1174 4138 1485 4224 contiguae
1515 4143 1871 4226 superficies
1917 4159 1979 4210 et
2019 4148 2244 4210 harum
2271 4147 2697 4210 translationes
2740 4148 2820 4210 ab
2859 4147 3016 4210 invi-

460 4260 596 4300 cem
611 4262 628 4313 ;
683 4251 865 4302 erunt
909 4241 1339 4305 translationes
1383 4244 1624 4310 inverse
1671 4260 1742 4311 ut
1791 4251 2168 4334 superficies,
2226 4252 2302 4336 (¹¹)
2332 4251 2455 4316 hoe
2497 4265 2609 4330 est,
2663 4251 2903 4317 inverse
2945 4264 3017 4315 ut

459 4345 759 4431 quadrata
792 4334 1237 4411 ⁴distantiarum
1281 4346 1746 4433 superficierum
1786 4379 1824 4418 a
1867 4371 2097 4421 centro,
2193 4360 2352 4422 Sunt
2402 4371 2608 4422 autem
2647 4358 3014 4422 differentiae

365 4536 368 4542 ν
456 4466 738 4516 motuum
767 4457 1155 4542 angularium
1178 4459 1343 4522 circa
1371 4483 1554 4525 axem
1583 4477 1654 4527 ut
1680 4464 1783 4528 hae
1810 4469 2239 4532 translationes
2286 4469 2610 4554 applicatae
2639 4471 2735 4534 ‘ad
2778 4471 3012 4533 distan-

521 4669 590 4733 (¹¹)
617 4673 643 4700 θ
675 4672 780 4718 Hoc
808 4679 894 4746 ξπ,
933 4673 1104 4721 inverse
1125 4684 1182 4722 ut
1201 4679 1430 4739 quadrata
1468 4681 1702 4726 distantia·
1767 4682 2014 4741 sphaericae,
2038 4693 2092 4731 ut
2112 4693 2219 4744 pote
2239 4685 2427 4742 similes,
2463 4694 2573 4730 sunt
2603 4695 2659 4731 ut
2691 4683 2917 4748 quadrata
2938 4699 3013 4731 ra-

455 4751 566 4782 ·um
603 4737 947 4800 superficierum
977 4753 1007 4782 a
1037 4748 1206 4788 centro.
1278 4741 1404 4788 Nam
1441 4743 1705 4803 superficies
1766 4745 1949 4793 diorum
1972 4763 2053 4796 seu
2076 4747 2396 4796 distantiarum
2417 4765 2446 4796 a
2466 4759 2636 4796 centro.
