3275 5650
166 423 392 487 Lmen
425 422 754 501 Secum]
821 421 1302 488 PRINCIPIA
1348 422 2093 497 MATHEMATch.
2606 371 2730 505 257

155 594 428 657 frustum
455 592 614 657 illud
644 593 1008 658 secundum.
1104 595 1397 659 Frustum
1440 596 1630 685 igitur
1674 599 1717 662 d
1748 622 1783 663 e
1812 598 1909 687 fg
1948 601 2111 666 inter
2156 623 2382 670 conum
2428 606 2491 668 A
2518 603 2562 669 d
2592 629 2628 673 e
2670 619 2735 671 et

154 701 424 763 frustum
448 699 490 762 f
505 700 552 761 h
580 700 603 762 i
631 722 677 787 g
706 701 1138 785 comprimitur
1180 703 1488 788 utrinque,
1541 716 1602 767 et
1646 719 1979 789 propterea
2019 713 2157 792 (per
2190 708 2401 775 Corol.
2434 720 2492 775 6.
2541 712 2730 797 Prop.

157 808 385 899 XIX.)
428 809 697 896 figuram
727 832 900 873 suam
929 832 1173 874 servare
1202 811 1433 896 nequit,
1467 812 1587 875 nisi
1617 813 1678 874 vi
1707 814 1926 878 eadem
1955 816 2400 899 comprimatur
2429 819 2725 905 undique.

163 917 407 981 Eodem
457 919 647 1005 igitur
697 919 934 1003 impetu
986 941 1110 1004 quo
1152 919 1457 1003 premitur
1497 920 1562 983 in
1607 923 2051 1005 superficiebus
2080 924 2125 986 d
2154 946 2209 1001 e,
2241 924 2277 987 f
2291 948 2354 1012 g,
2408 926 2733 991 conabitur

157 1026 380 1091 cedere
411 1026 495 1090 ad
518 1026 716 1091 latera
757 1026 798 1089 d
826 1026 870 1104 f,
917 1049 952 1092 e
980 1050 1057 1115 g3
1107 1026 1336 1120 ubique
1383 1026 1553 1113 (cum
1597 1029 1872 1117 rigidum
1900 1056 2028 1097 non
2073 1034 2170 1111 sit,
2215 1034 2327 1099 *sed
2370 1036 2731 1101 omnimodo

149 2816 439 2899 fluidum)
488 2828 777 2881 excurret
803 2836 876 2878 ac
904 2812 1280 2890 dilatabitur,
1325 2811 1446 2878 nisi
1473 2810 1738 2879 fluidum
1766 2809 2046 2875 ambiens
2076 2807 2256 2888 adsit,
2304 2833 2430 2897 quo
2458 2823 2723 2881 conatus

147 2927 262 2992 iste
291 2921 684 2992 cohibeatur.
750 2923 1029 2989 Proinde
1055 2934 1282 2987 conatu
1311 2920 1704 2998 excurrendi,
1736 2929 1979 3005 premet
1999 2931 2125 2984 tam
2154 2917 2414 2985 fluidum
2440 2921 2723 2986 ambiens

147 3033 226 3095 ad
255 3032 462 3095 latera
491 3030 534 3093 d
563 3029 608 3108 f,
640 3054 675 3093 e
704 3053 749 3116 g
777 3051 965 3115 quam
993 3027 1260 3091 frustum
1290 3026 1385 3113 fg
1413 3026 1458 3089 h
1487 3027 1508 3088 i
1538 3026 1760 3089 eodem
1787 3025 2068 3108 impetu;
2095 3035 2160 3087 et
2184 3036 2520 3107 propterea
2546 3049 2724 3110 pres·-

148 3140 240 3202 sio
283 3161 417 3200 non
467 3138 672 3199 minus
703 3135 1150 3221 propagabitur
1179 3157 1218 3196 a
1244 3133 1538 3197 lateribus
1569 3132 1611 3194 d
1637 3131 1683 3209 f,
1717 3155 1752 3194 e
1778 3154 1824 3218 g
1852 3131 1917 3193 in
1945 3129 2148 3214 spatia
2178 3129 2243 3196 N
2274 3129 2357 3209 O,
2394 3131 2459 3197 K
2498 3133 2547 3197 L
2576 3132 2729 3199 hinc

146 3244 311 3321 inde,
346 3265 536 3328 quam
564 3244 944 3327 propagatur
972 3264 1011 3303 a
1040 3238 1364 3322 superficie
1389 3238 1426 3300 f
1441 3261 1486 3325 g
1515 3259 1728 3301 versus
1753 3237 1817 3300 P
1848 3236 1932 3313 Q.
2025 3236 2112 3315 Q.
2144 3252 2198 3300 e.
2231 3234 2294 3298 d.

511 3491 1078 3559 PROPOSITIO
1122 3491 1347 3556 XLII.
1436 3473 1979 3555 THEOREMA
2025 3488 2372 3556 xxxm.

143 3673 379 3737 Motus'
407 3675 596 3736 omnis
633 3695 752 3755 per
773 3674 1044 3763 fluidum
1083 3682 1460 3756 propagatus
1510 3673 1771 3756 divergit
1816 3691 1857 3732 a
1906 3679 2068 3734 recto
2110 3674 2353 3734 tramite
2402 3673 2469 3732 in
2516 3674 2722 3751 spatia

1308 3785 1566 3844 immota.

231 3969 377 4033 cas.
414 3975 443 4030 1
456 4012 472 4031 .
537 3966 929 4052 Propagetur
971 3974 1181 4029 motus
1206 3985 1246 4025 a
1271 3974 1508 4046 puncto
1547 3962 1608 4027 A
1652 3983 1765 4044 per
1808 3959 2087 4027 foramen
2134 3958 2191 4023 B
2225 3956 2301 4037 C,
2352 3969 2718 4045 pergatque,

140 4075 190 4138 si
220 4072 369 4138 fieri
397 4083 622 4155 potest,
668 4072 735 4135 in
764 4071 968 4156 spatio
995 4069 1216 4134 conico
1261 4067 1318 4132 B
1352 4066 1407 4132 C
1441 4068 1508 4144 Q
1539 4068 1612 4144 P,
1668 4067 2011 4131 secundum
2050 4065 2242 4128 lineas
2289 4078 2485 4128 rectas
2516 4065 2722 4127 diver-

138 4192 363 4266 gentes
394 4201 432 4242 a
457 4189 697 4262 puncto
727 4179 809 4241 A.
899 4176 986 4240 Et
1012 4197 1318 4260 ponamus
1357 4175 1562 4260 ptimo
1602 4173 1774 4259 quod
1816 4175 1891 4258 (²)
1924 4185 2128 4236 motus
2159 4171 2275 4234 iste
2306 4170 2386 4234 sit
2414 4169 2724 4234 undarum

137 4287 202 4349 in
239 4283 575 4368 superficie
630 4283 972 4372 stagnantis
1023 4303 1220 4368 aquae.
1312 4282 1574 4367 Sintque
1622 4281 1668 4344 d
1697 4303 1753 4356 e,
1784 4278 1900 4367 fg,
1931 4279 1978 4340 h
2005 4278 2055 4357 i‚‘
2088 4277 2133 4340 k
2162 4277 2204 4355 l,
2252 4277 2365 4340 διο.
2412 4275 2723 4343 undarum

200 4455 275 4520 (⁸)
306 4457 465 4503 Motus
487 4457 570 4503 iste
591 4457 649 4503 sit
671 4459 932 4509 undarum,
955 4455 1040 4503 ac.
1080 4454 1168 4502 vis
1187 4454 1408 4517 quaeh‘bet
1469 4462 1566 4501 tem
1587 4450 1869 4514 replendam,
1893 4449 2063 4511 partim
2083 4449 2133 4496 in
2155 4449 2344 4511 plagam
2373 4449 2630 4510 oppositam
2652 4448 2719 4495 fo

141 4521 366 4568 dmum
389 4519 564 4566 directa
585 4519 635 4565 in
658 4519 952 4578 superficiem
985 4518 1243 4580 stagnantis
1274 4534 1406 4580 aquae
1471 4528 1614 4575 retur,
1650 4526 1699 4564 et
1728 4516 1959 4563 celeritate
1975 4513 2184 4562 eudendo
2205 4512 2427 4575 aequisita
2447 4528 2614 4560 novam
2644 4527 2719 4558 ca-

141 4593 250 4646 agnt
269 4583 324 4629 in
347 4584 408 4636 A,
432 4591 479 4629 et
492 4583 688 4630 cavitate
702 4582 841 4638 facta,
865 4592 1002 4644 cogat
1017 4598 1187 4645 aquam
1205 4582 1405 4629 circum·
1471 4582 1657 4629 vitatem
1680 4580 1913 4636 formabit,
1935 4588 2074 4640 atque
2088 4575 2155 4624 ita
2171 4577 2389 4638 deinceps
2404 4576 2545 4624 unda
2564 4584 2719 4622 motus

139 4661 329 4709 quaque
350 4645 615 4702 ascendere,
637 4663 758 4708 aqua
778 4645 1012 4694 elevatavi
1033 4647 1230 4706 propriae
1252 4647 1402 4707 gravi·
1465 4661 1550 4706 per
1581 4645 1891 4693 successivum
1924 4657 2168 4690 ameum
2189 4651 2236 4690 et
2254 4642 2529 4690 descensum
2551 4653 2715 4701 propn-

138 4711 247 4758 ntis
268 4709 601 4758 descendendo
621 4711 786 4772 partim
809 4710 974 4758 refluet
993 4711 1045 4757 in
1065 4711 1128 4769 A,
1152 4709 1212 4758 ad
1233 4708 1404 4759 cavita-
1467 4709 1655 4772 gabitur
1674 4710 1725 4756 in
1746 4711 1922 4756 orbem.

213 4794 338 4842 Vox..
369 4793 444 4842 ΙΙ.
1419 4792 1468 4840 R
