3275 5650
81 424 196 489 Lrnnn
212 422 380 503 Saeuum]
428 422 668 493 PRINCIPIA
693 421 1066 491 MATHEMATICA.
1306 434 1368 495 109

78 604 202 675 partem
216 590 314 667 illam,
332 612 403 677 quae
418 592 517 655 oritur
530 612 571 655 ex
585 589 737 655 densitate
751 588 851 665 fluidi,
867 588 1003 651 diximus
1017 610 1085 653 esse
1098 587 1132 651 in
1146 588 1304 673 duplicata
1316 614 1367 655 ra

79 700 162 763 tione
174 700 349 765 velocitatis
357 724 366 776 ;
381 723 455 785 pars
469 701 575 777 altera,
592 721 663 785 quae
677 700 777 763 oritur
791 721 833 763 en
844 700 1008 763 tenacitate
1017 700 1115 777 fluidi,
1131 713 1179 764 est
1192 700 1364 778 uniformis,

80 809 139 872 sive
154 821 194 872 ut
208 820 405 872 momentum
419 808 586 892 temporis:
609 806 742 892 ideoque
751 807 818 891 jem
832 827 965 892 pergere
979 804 1087 869 liceret
1099 804 1140 869 ad
1153 818 1274 869 motum
1295 828 1364 869 cor-

78 937 201 1000 porum,
218 916 332 1000 quibus
346 914 498 979 resistitur
511 913 626 997 partim
646 913 678 975 vi
699 911 847 975 uniformi
867 934 923 975 seu
944 911 978 973 iu
998 910 1119 975 ratione
1132 923 1363 976 momentorum

78 1022 239 1107 temporis,
263 1034 295 1086 et
315 1022 431 1106 partim
452 1021 485 1084 in
505 1020 625 1085 ratione
646 1016 803 1102 duplicati
815 1016 995 1081 velocitatis.
1042 1016 1106 1081 Sed
1120 1016 1232 1081 sufficit
1244 1017 1364 1081 aditum

77 1130 262 1215 patefecisse
283 1130 324 1193 ad
345 1130 428 1194 hauc
449 1128 691 1213 speculationem
711 1126 745 1189 in
768 1125 1038 1209 Propositiouibus
1053 1125 1148 1190 VIII.
1166 1136 1198 1189 et
1213 1125 1276 1189 IX.
1292 1148 1362 1212 quoe

76 1236 272 1319 praecedunt,
289 1247 443 1301 eteorum
459 1234 650 1301 Corollariis.
683 1232 721 1318 (¹¹)
733 1232 773 1297 In
786 1230 898 1295 iisdem
908 1233 1015 1317 utique
1025 1254 1084 1316 pro
1099 1232 1238 1317 corporis
1253 1254 1361 1295 ascen-
1379 1245 1383 1253 '

77 1344 176 1408 dentis
200 1344 378 1409 resistentiri
400 1344 555 1421 uniformi,
579 1364 649 1429 quae
664 1364 705 1405 ex
719 1341 785 1434 ejus
799 1340 950 1427 gravitate
964 1342 1074 1418 oritur,
1097 1342 1241 1406 substitui
1255 1354 1360 1426 potest
1377 1332 1381 1354 ¹

77 1451 254 1515 resistentia
268 1450 440 1528 uniformis,
464 1472 534 1537 quae
549 1450 648 1513 oritur
663 1470 704 1513 ex
719 1448 883 1513 tenacitate
896 1447 1001 1526 medii,
1025 1449 1150 1535 quando
1164 1471 1277 1533 corpus
1293 1448 1359 1514 solt

8 1558 9 1561 ’
78 1558 212 1623 viinsitri
226 1561 371 1621 movetur
378 1581 389 1633 ;
412 1568 444 1621 et
465 1578 595 1641 corpore
617 1554 700 1620 recti
723 1554 909 1620 ascendente
930 1555 1045 1621 addere
1060 1556 1132 1622 licet
1146 1556 1227 1620 hanc
1242 1557 1361 1620 unifor-

8 1748 9 1753 η
77 1688 153 1755 mem
180 1665 392 1728 resistentiam
417 1664 448 1728 vi
472 1664 647 1751 gravitatis3
678 1662 872 1748 eandemque
893 1662 1076 1739 subducere,
1101 1662 1227 1749 quando
1246 1684 1360 1748 corpus

8 1758 9 1767 ἵ
77 1770 156 1836 reeta
170 1771 348 1835 descendit.
395 1771 531 1857 Pergere
546 1770 639 1833 etiam
660 1768 767 1833 liceret
781 1768 823 1831 nd
837 1752 957 1831 motum
979 1790 1156 1852 corporum,
1184 1768 1296 1854 quibus
1310 1792 1361 1833 re·

76 1881 190 1945 sistitur
212 1880 330 1965 partim
344 1879 547 1956 uniformiter,
570 1878 685 1963 partim
698 1878 732 1940 in
746 1878 866 1940 ratione
880 1864 1059 1951 velocitatis,
1083 1887 1115 1938 et
1127 1878 1242 1959 partim
1255 1876 1289 1939 in
1310 1898 1360 1939 ra-

8 2034 9 2061 .
76 1992 154 2055 tione
165 1986 328 2072 duplicati
342 1986 524 2051 velocitatis.
573 1985 616 2049 Et
631 1986 713 2047 uam
728 1984 836 2068 aperui
850 1983 884 2045 in
900 1980 1169 2065 Propositiouibus
1179 1981 1359 2065 proeceden-

76 2100 152 2163 tibus
169 2097 275 2162 XIII.
291 2108 323 2160 et
338 2095 432 2159 XIV.
449 2095 491 2180 (¹)
507 2094 540 2156 iu
556 2093 669 2179 quibus
684 2091 777 2156 etiam
792 2089 966 2153 resistentia
980 2086 1151 2163 uniformis,
1175 2107 1245 2173 quoe
1260 2087 1359 2151 oritur

75 2233 110 2274 ex
124 2209 296 2273 tenacitate
310 2205 408 2271 medii
422 2204 521 2289 provi
535 2200 705 2289 gravitatis,
729 2198 874 2265 substitui
894 2207 1008 2281 potest,
1031 2194 1081 2258 vel
1095 2216 1167 2258 cum
1181 2192 1300 2271 eidem,
1323 2204 1360 2257 ut

74 2317 165 2401 prius,
182 2312 343 2397 componi.
390 2310 452 2375 Sed
465 2330 601 2395 propero
615 2307 656 2371 ad
670 2306 738 2371 alia.

8 2568 9 2573 ¹
101 2510 135 2573 (¹¹)
148 2514 162 2540 ¹
174 2510 393 2570 Iniisdemutiqare
407 2504 483 2567 (105).
732 2500 869 2561 exponebat,
880 2503 997 2570 summurn
1007 2492 1355 2567 gravitatisetreaisteutianni·

8 2598 9 2601 ¹
101 2574 136 2638 (ἕ)
154 2578 168 2605 ”
181 2577 217 2621 In
236 2576 320 2633 quium
336 2576 404 2619 etiam
422 2569 548 2617 resisteruia
569 2567 701 2641 unp'firmt'a,
732 2563 814 2610 smmis
835 2561 861 2607 in
882 2561 996 2633 predictis
1016 2558 1227 2630 construcuontbut
1247 2564 1354 2615 exponet.

72 2638 113 2684 hoc
123 2647 165 2694 est,
183 2637 205 2683 si
217 2648 304 2693 eorpus
315 2633 363 2683 solt
373 2634 396 2679 vi
407 2630 477 2683 inriti
492 2632 586 2689 smum,
604 2644 629 2679 ru
645 2643 701 2679 tou·
735 2625 868 2677 Tandemsi
878 2638 966 2687 corpus
973 2636 995 2670 u
1005 2630 1123 2696 grantttts
1130 2618 1261 2678 descendat,
1273 2618 1356 2669 eadem

71 2701 237 2749 structioribus
250 2700 322 2759 Prop.
338 2696 417 2745 XIII.
437 2707 460 2743 et
477 2696 561 2751 XIV..
578 2710 631 2757 quar
647 2704 703 2741 aunt
733 2692 850 2754 quantitas
864 2705 918 2753 quat
932 2688 1006 2736 solam
1016 2686 1298 2759 vamtatem-expompet,
1315 2698 1356 2731 er.

71 2780 109 2826 ptu
117 2764 225 2826 corporis
235 2778 340 2815 ascensu
354 2760 405 2808 loco
415 2760 533 2824 grauitatis
543 2756 702 2806 substituenda
733 2768 825 2803 testum
840 2752 958 2817 gravitatis
968 2750 1038 2811 cupri
1047 2750 1198 2796 mnarum
1214 2748 1356 2794 uniformem

7 2871 8 2888 ,
70 2839 102 2878 est
146 2829 245 2876 istentia
255 2826 444 2888 uniformiaqua
457 2826 569 2872 oriturex
580 2823 702 2870 tenacitate
733 2818 759 2866 in
777 2816 985 2866 oomnuctionibua
999 2830 1052 2877 qua
1067 2823 1123 2860 aaut
1138 2827 1181 2872 pro
1195 2810 1355 2860 duoenmre-

69 2845 158 2951 unffi
172 2893 193 2939 si
206 2905 294 2952 corpus
311 2888 438 2937 ascendens
457 2888 479 2935 vi
497 2887 614 2952 gravitatis
629 2887 700 2934 etiam
730 2882 878 2944 presentabit
888 2879 987 2945 (ceteris
996 2874 1165 2928 mmentibuai

68 2967 185 3022 urgeatm,
211 2955 332 3018 quantitas
347 2953 388 3000 illa
403 2967 456 3015 quoe
474 2951 546 3000 tolum
564 2950 699 3014 gnvitntetn
