3275 5650
157 433 160 439 ·
266 406 327 465 me
575 380 921 455 annosorum
934 376 1202 443 urrunnms
1256 374 1366 455 [mos.
1382 324 1536 439 conon.

198 598 200 606 ⁸
265 628 336 674 rum
364 602 580 669 distantiarum
609 592 695 670 SA,
722 592 746 655 S
766 586 806 667 B,
830 588 908 666 SC,
938 585 995 650 &n
1020 584 1179 669 reciproca
1204 589 1329 668 (nempe
1353 543 1545 660 Q

1392 645 1460 707 SA
1566 681 1570 686 ·

268 754 434 939 §8153ss
458 745 629 931 ἓξὲξ)
653 786 813 845 sumantur
837 775 872 838 in
895 771 1111 859 progressione
1134 768 1343 845 aritlrmeticd3
1372 667 1543 836 densitdtes

268 963 300 1027 A
316 960 363 1038 Η,
379 958 408 1023 Β
423 956 451 1033 1,
474 954 503 1020 C
520 952 562 1031 K,
585 952 644 1015 &o
665 959 756 1015 eruut
769 946 802 1011 iu
816 940 1033 1030 progressione
1053 939 1250 1028 geometrici.
1295 938 1339 1004 Et
1359 937 1386 1003 si
1405 939 1545 1026 gravitas

267 1066 456 1132 diminuatur
476 1060 510 1124 in
523 1054 703 1146 quadrupli·

210 1162 212 1173 ¹
266 1168 336 1237 cati
346 1167 469 1233 ratione
479 1163 705 1237 distantiarum,

266 1290 301 1345 et
321 1276 473 1341 cuborum
494 1271 711 1337 distantiarum

266 1422 429 1507 reciproca
451 1424 541 1504 (puta
554 1380 708 1547 ἓὲὲἒ,
761 1406 784 1457 Ἑ

758 1542 783 1589 n

268 1612 424 1757 ΒῖΕ-ᾧιλ,
446 1668 603 1754 M,
634 1624 713 1703 &ci
765 1640 784 1687 o

268 1809 433 1862 sumantur
446 1797 479 1861 in
493 1797 713 1884 progressione
761 1786 786 1836 A

269 1902 486 1981 arithmetical3
543 1904 715 1970 densitates

268 2013 304 2077 A
317 2012 363 2089 H,
377 2010 443 2089 BI,
457 2010 541 2089 CK,
556 2012 614 2076 &a
624 2022 715 2077 erunt

268 2121 305 2182 in
319 2118 537 2205 progressione
544 2119 713 2205 geometri·
783 2128 800 2173 S

271 2223 319 2287 ci.
363 2224 407 2288 Et
427 2224 471 2289 sic
491 2224 526 2287 in
546 2224 710 2288 infinitum.
776 2204 779 2211 ,

272 2329 397 2393 Rursus
418 2329 447 2391 si
465 2328 600 2415 gravitas
620 2330 842 2413 particularum
861 2329 950 2394 fluidi
974 2330 1008 2393 in
1029 2329 1173 2393 ommirns
1194 2328 1348 2395 distantiis
1366 2328 1475 2395 eadem
1497 2330 1552 2408 sit,

272 2449 305 2501 et
319 2438 473 2501 distantiae
488 2437 550 2501 sint
563 2438 596 2500 in
610 2440 827 2527 progressione
841 2432 1032 2502 aritlrineti'cd
1054 2437 1221 2502 densitates
1242 2449 1334 2502 erunt
1355 2438 1388 2500 in
1401 2459 1555 2525 progres-

271 2543 360 2607 sione
374 2543 571 2630 geometrici,
585 2543 991 2609 utivirclarisAEdmundus
1007 2544 1151 2609 Halleius
1165 2544 1291 2607 invenit.
1323 2546 1358 2610 Si
1367 2538 1557 2631 graviiassit
1619 2582 1626 2601 ·

270 2662 309 2713 ut
333 2644 486 2727 distantia,
513 2660 544 2712 et
566 2649 715 2735 quadrata
737 2651 952 2715 distantiarum
972 2652 1035 2715 sint
1056 2652 1088 2714 in
1110 2652 1326 2738 progressione
1347 2652 1555 2730 arithmetici,

272 2754 441 2819 densitates
462 2766 554 2818 erunt
568 2755 601 2817 in
615 2758 834 2845 progressione
854 2757 1051 2846 geometrici.
1096 2758 1138 2823 Et
1152 2759 1196 2824 sic
1210 2760 1244 2821 in
1257 2758 1423 2824 infinitum.
1467 2760 1559 2825 Haec

271 2865 317 2926 ita
331 2885 364 2926 se
378 2861 495 2927 habent
508 2862 562 2926 ubi
576 2862 664 2926 fluidi
685 2866 915 2948 compressione
935 2865 1116 2929 condensati
1137 2866 1272 2930 densitas
1286 2878 1334 2956 est
1347 2867 1443 2932 utris
1465 2888 1559 2931 com·
1603 2928 1606 2934 ,

272 2969 451 3056 pressionis,
478 2969 537 3046 vel,
564 2969 648 3056 quod
669 2971 798 3054 perinde
813 2984 869 3048 est,
894 2972 1027 3057 spatium
1040 2971 1169 3036 alluido
1189 2985 1375 3057 occupatmn
1393 2971 1558 3056 reciproce

273 3091 310 3142 ut
323 3078 392 3142 haec
405 3079 461 3142 vis.
507 3078 600 3164 Fingi
614 3093 745 3162 possunt
759 3081 829 3144 aliae
843 3080 1091 3144 condensationis
1105 3079 1201 3166 leges,
1223 3092 1259 3144 ut
1279 3079 1366 3165 quid
1387 3079 1484 3144 cubus
1505 3081 1559 3144 vis

276 3183 507 3267 comprimentis
529 3183 568 3246 sit
588 3194 624 3246 ut
645 3185 996 3271 quadrato-quadratum
1020 3186 1190 3262 densitatis,
1221 3208 1275 3248 seu
1300 3185 1559 3268 triplicata'retio

218 3345 222 3361 ,
274 3290 320 3352 vis
335 3288 444 3354 eadem
459 3310 531 3352 cum
545 3290 776 3375 quadruplicati
792 3292 910 3356 ratione
924 3291 1093 3356 densitatis.
1137 3292 1211 3366 Quo
1225 3290 1259 3352 in
1273 3311 1356 3367 casu,
1379 3291 1406 3354 si
1418 3291 1558 3378 gravitas

276 3410 323 3462 est
337 3395 494 3481 reciproci
508 3410 544 3463 ut
557 3399 741 3486 quadratum
763 3401 917 3465 distantiae
930 3423 950 3476 a
963 3411 1080 3475 centro,
1104 3398 1239 3462 densitas
1260 3397 1318 3461 erit
1339 3396 1497 3481 reciproci
1518 3411 1561 3464 ut

277 3504 374 3567 cubus
389 3503 552 3568 distantiae.
598 3504 749 3593 Fingatur
762 3506 849 3592 qudd
862 3506 961 3570 cubus
975 3505 1021 3566 vis
1035 3503 1265 3588 comprimentis
1280 3503 1321 3567 sit
1335 3515 1370 3568 ut
1388 3503 1559 3589 quadrato-

277 3608 374 3672 cubus
388 3607 557 3686 densitatis,
574 3619 606 3674 et
620 3611 646 3672 si
659 3611 794 3698 gravitas
809 3624 857 3674 est
870 3608 1029 3694 reciproci
1040 3621 1075 3673 ut
1088 3609 1275 3694 quadratum
1288 3608 1453 3688 distantiae,
1475 3628 1559 3673 oen-

233 3715 236 3726 ’
277 3717 349 3780 sitas
364 3717 423 3780 erit
436 3717 594 3800 reciproci
608 3718 641 3780 in
656 3716 872 3803 sesquiplicati
887 3717 1006 3781 ratione
1020 3715 1183 3779 distantiae.
1229 3714 1380 3801 Fingatur
1401 3714 1491 3800 quid
1507 3717 1559 3780 vis

278 3826 485 3910 comprimens
507 3826 546 3889 sit
567 3827 600 3888 in
622 3826 776 3909 duplicati
798 3825 918 3889 ratione
942 3823 1112 3900 densitatis,
1139 3835 1171 3886 et
1187 3823 1322 3910 gremtas
1339 3820 1497 3905 reciproci
1521 3822 1560 3887 in

278 3935 398 3998 ratione
412 3935 568 4019 duplicati
583 3935 745 4012 distantiae,
763 3948 794 3998 et
808 3934 944 4014 densitas
959 3933 1018 3998 erit
1032 3930 1189 4016 reciproci
1205 3943 1240 3994 ut
1254 3929 1408 3994 distantia
1443 3931 1481 4015 (⁸)
1493 3930 1560 3995 Ca-

279 4061 331 4102 sus
346 4060 454 4102 omnes
468 4059 650 4120 percurrere
665 4039 794 4126 longum
809 4050 899 4103 esset.
945 4035 1101 4101 Caeterdm
1122 4057 1180 4120 per
1201 4034 1414 4119 experimenta
1435 4025 1580 4100 constat⁰

234 4231 235 4234 Ἴ
279 4142 364 4227 quod
385 4143 517 4206 densitas
531 4143 611 4206 a'eris
625 4144 666 4208 sit
678 4157 714 4209 ut
727 4145 773 4208 vis
788 4145 995 4228 comprimens
1017 4142 1067 4206 vel
1087 4140 1238 4217 accurate,
1262 4141 1311 4205 vel
1332 4141 1441 4206 saltem
1460 4141 1562 4227 quim

278 4247 438 4329 proxime:
461 4260 493 4312 et
506 4257 670 4333 propterea
692 4251 826 4316 densitas
848 4251 927 4315 a'e‘ris
941 4251 975 4314 in
989 4247 1194 4333 atmosphaeri
1204 4247 1313 4312 Terrae
1328 4262 1419 4314 estut
1431 4251 1562 4334 pondus

275 4352 359 4422 ,a'c'ris
373 4353 467 4416 totius
480 4354 695 4435 incumbentis,
710 4357 744 4422 id
758 4371 814 4436 est,
830 4369 865 4421 ut
879 4357 1009 4422 altitudo
1023 4355 1168 4419 mercurii
1181 4355 1215 4418 in
1228 4355 1416 4421 barometro.

312 4519 347 4585 (⁸)
367 4525 418 4568 178.
435 4523 448 4552 ⁶
469 4525 637 4572 Concs'omnes
655 4541 791 4587 percurrere
809 4528 904 4588 lorrgum
935 4541 964 4572 ex
974 4523 1021 4588 qui
1031 4523 1117 4588 singuli
1132 4539 1199 4572 casus
1208 4539 1257 4585 ,pro
1272 4524 1347 4572 lubitu
1358 4534 1475 4584 eruantur.
1510 4523 1563 4574 ru-

279 4593 348 4670 sam,
367 4585 439 4632 satius
454 4585 497 4632 erit
513 4587 644 4650 generalem
663 4589 788 4666 formulam
807 4589 903 4647 uuum,
936 4589 989 4637 dem
997 4588 1075 4652 igitur,
1084 4603 1220 4652 quaesuprn,
1232 4587 1317 4649 positis,
1329 4588 1358 4636 sit
1365 4588 1472 4636 ἀίεωηιία
1483 4590 1563 4638 varin.
