3275 5650
99 411 205 488 mim
216 420 382 497 Saeuum]
413 416 654 503 PRINCIPlA
677 414 1047 483 MATHEMATIOA
1314 425 1375 481 198

99 600 125 660 l.
139 603 170 656 et
184 601 216 657 8.
233 592 328 675 Prop.
345 590 404 655 lv.
420 588 492 655 Lib.
507 588 549 669 1.)
565 585 700 653 dmodb
714 596 820 662 centra
835 584 889 651 illa
901 585 1070 671 quiescant.
1116 585 1173 653 sin
1181 596 1374 663 moveantur,

6 694 8 725 ⁴
97 701 239 786 quoniam
262 698 302 783 (¹)
318 698 360 762 ob
374 697 610 763 translationum
629 693 872 771 similitudinem,
894 693 1011 759 similes
1031 706 1159 759 manent
1173 716 1282 761 eorum
1297 697 1375 761 situs

96 809 171 873 inter
185 818 387 893 systematum
401 804 584 889 perticulam
600 802 714 867 similes
728 802 915 867 inducentur
925 802 1111 867 mutationes
1125 804 1161 867 iu
1175 803 1285 891 figuris
1299 826 1375 890 quas

6 938 7 947 ¹
94 912 252 999 particulae
266 911 454 977 describunt.
500 909 623 977 Similes
636 909 733 997 igitur
746 922 840 974 erunt
851 908 1168 993 correspondentium
1181 922 1214 974 et
1228 911 1376 975 similium

93 1022 313 1107 particularum
327 1032 430 1085 mobis
445 1021 486 1104 (³)
500 1040 599 1106 usqne
613 1017 655 1083 ed
669 1038 815 1083 occursus
829 1038 903 1081 suos
916 1016 1046 1101 primos,
1066 1028 1099 1081 et
1111 1031 1279 1102 propterea
1291 1019 1377 1081 simi·

94 1129 136 1195 les
157 1150 313 1205 occursus,
338 1137 379 1192 et·
392 1126 507 1191 similes
527 1124 723 1202 reflexiones,
745 1135 778 1189 et
796 1123 929 1187 subinde
943 1127 1015 1209 (per
1024 1125 1092 1209 jam
1105 1125 1243 1204 ostensa)
1259 1124 1374 1189 similes

6 1218 8 1249 ²
94 1248 197 1301 motus
210 1234 292 1299 inter
306 1256 340 1299 se
354 1234 454 1303 donec
468 1235 582 1301 iterum
595 1235 629 1299 in
643 1257 677 1301 se
689 1245 800 1299 mutuo
813 1233 991 1321 inciderint,
1011 1246 1044 1298 et
1057 1234 1103 1299 sic
1116 1234 1265 1320 deinceps
1278 1235 1312 1299 in
1326 1237 1375 1301 in·

6 1396 7 1407 ,
96 1341 225 1405 linitum.
273 1340 315 1416 Q.
329 1362 357 1433 e.
372 1339 404 1405 d.
1217 1396 1220 1401 .

6 1432 7 1435 Ἴ
135 1452 234 1514 Corol.
253 1458 280 1513 1.
294 1450 392 1514 Hinc
406 1450 433 1515 si
447 1470 579 1533 corpora
592 1448 656 1513 duo
667 1448 794 1536 quaevis,
804 1470 876 1535 qnoe
886 1446 998 1512 similia
1006 1448 1067 1511 sint
1078 1459 1111 1511 et
1119 1448 1164 1513 ad
1171 1461 1373 1535 systematum

94 1554 258 1639 particulas
279 1555 557 1640 correspondentes
572 1554 712 1619 similiter
726 1554 795 1630 sita,
821 1554 904 1617 inter
923 1552 1007 1637 ipses
1027 1554 1220 1638 temporibus
1240 1578 1374 1640 propor-

93 1661 257 1725 tionalibus
285 1661 425 1727 similiter
452 1660 572 1725 moveri
599 1660 757 1745 incipiant,
791 1659 914 1745 sintque
942 1681 1050 1724 eorum
1077 1660 1308 1749 magnitudines
1337 1685 1374 1727 ec

93 1768 259 1833 densitates
284 1768 324 1833 ad
350 1768 481 1832 invicem
505 1779 540 1830 ut
561 1766 789 1853 magnitudines
815 1787 852 1829 ac
875 1764 1042 1829 densitates
1064 1768 1374 1851 correspondentium

6 1950 7 1961 χ
92 1874 327 1959 particularum:
349 1872 418 1939 haec
431 1884 564 1959 pergent
584 1871 776 1956 temporibus
790 1869 1074 1955 proportionalibus
1087 1871 1228 1937 similiter
1244 1874 1372 1940 moveri.

96 2044 195 2109 (th.
209 2040 715 2105 l.)FGedbdutviroentralisquricor-
748 2047 774 2099 Χ
792 2040 1370 2100 As=nsm3em131>=od=ns=

92 2124 132 2168 pos
150 2110 173 2155 A
191 2117 290 2171 urgetur
304 2108 334 2155 ad
351 2109 399 2155 vim
415 2108 540 2157 cerealem
555 2106 602 2169 qul
619 2114 716 2168 urgetur
746 2122 790 2163 as.
807 2115 832 2153 et
846 2107 878 2153 ob
888 2102 1064 2155 similitudinem
1075 2104 1211 2169 ligeum,
1227 2116 1255 2155 ut
1267 2107 1291 2155 A
1304 2106 1330 2155 D
1340 2108 1372 2157 ad

93 2187 172 2233 corpus
182 2188 211 2229 a;
232 2180 255 2218 et
266 2172 321 2234 quie
331 2172 390 2219 vires
400 2170 446 2217 illae
458 2174 510 2234 (per
522 2170 601 2233 Hyp.)
618 2180 673 2217 suut
688 2179 715 2217 ut
745 2185 760 2217 a
771 2169 795 2226 d,
812 2167 912 2231 idebque
923 2171 954 2216 ob
964 2169 1064 2231 aequaler
1078 2169 1180 2245 angulos
1191 2170 1217 2219 D
1227 2169 1285 2228 etti,
1300 2172 1373 2219 trian-

6 2228 8 2263 ἦ
92 2235 228 2297 quadratum
237 2235 385 2282 velocitatum
395 2234 481 2301 directi
492 2244 516 2283 et
525 2234 639 2281 distantia
652 2235 675 2280 A
689 2234 713 2289 S,
745 2231 803 2295 gule
815 2234 838 2279 A
853 2233 878 2279 D
891 2233 920 2289 B,
932 2248 947 2279 a
956 2232 999 2279 db
1013 2241 1083 2279 erunt
1100 2233 1191 2291 nmilia,
1211 2242 1235 2281 et
1251 2244 1373 2299 propterea

6 2308 8 2351 i
91 2297 242 2359 eeiuvmrl,
253 2296 534 2349 velocitaterautemannt
543 2308 571 2347 ut
580 2296 715 2360 spatiaque
748 2311 815 2347 meus
829 2298 852 2343 A
866 2297 955 2354 B‚ab,
971 2294 1207 2343 simileeetaimiliter
1215 2298 1261 2346 siti.
1296 2297 1373 2347 Simili

6 2364 7 2379 ¹
749 2359 819 2407 modo
830 2360 1023 2407 demonstrabitur
1033 2360 1096 2421 quod
1111 2374 1207 2420 corpora
1221 2360 1302 2409 elocis
1314 2363 1373 2411 Bet

747 2424 764 2470 b
782 2438 901 2485 progressa
919 2423 1006 2470 similes
1022 2438 1090 2469 arcus
1109 2435 1139 2470 te
1163 2423 1269 2471 similiter
1285 2424 1373 2486 positos

747 2485 881 2539 describant.
893 2496 963 2549 atque
972 2485 1006 2533 iul
1017 2486 1131 2544 deinceps.
1165 2488 1305 2536 Dercubent
1314 2504 1339 2536 er
1360 2489 1369 2505 ⁸

745 2548 832 2613 figuras
842 2550 928 2595 similes
937 2548 997 2595 circi
1007 2559 1087 2595 centra
1099 2548 1116 2596 8
1126 2557 1150 2596 ct
1159 2564 1178 2595 s.
1210 2551 1257 2597 His
1268 2506 1371 2601 vettii:

743 2614 876 2661 monstratis
886 2622 948 2674 patet
964 2615 1030 2676 (196.
1045 2612 1098 2659 Lib.
1114 2611 1149 2669 1.)
1167 2612 1231 2674 quod
1241 2614 1372 2669 describent

744 2677 831 2723 similes
851 2687 875 2723 et
895 2675 1074 2736 proportionales
1100 2672 1229 2737 figurarum
1255 2678 1368 2729 similium

745 2738 1370 2803 pertestemporibuspropoitionalibumeuquaeaem·

744 2818 785 2868 per
798 2803 845 2852 sint
855 2813 883 2850 ut
892 2814 994 2864 tempore
1006 2803 1028 2850 T
1038 2813 1063 2851 et
1072 2810 1089 2850 a

777 2867 813 2932 (¹)
827 2875 840 2897 '¹
854 2870 886 2916 Ob
896 2867 1260 2916 commentantem.
1280 2867 1369 2917 Oriun-
1475 2874 1479 2879 ’

745 2931 868 2980 tamenim
890 2940 1022 2979 neutrorum
1042 2930 1136 2978 illorum
1154 2931 1316 2980 ιιιιιιεΙιιιίοιιει
1337 2948 1368 2982 ex

744 2993 1369 3118 tistitfflslfflll‘itdlt

744 3121 972 3184 coneepoodentium
987 3121 1095 3179 moetus,
1111 3119 1170 3169 oded
1179 3129 1207 3169 ut
1217 3121 1368 3185 quemadmo-

745 3185 804 3234 dum
814 3185 880 3234 initio
890 3184 1056 3234 motilsoentra
1070 3184 1177 3232 simlliter
1190 3185 1277 3232 moveri
1292 3202 1368 3248 ωρο-

745 3260 807 3306 ιιιιιι,
824 3249 928 3297 similiter
937 3264 1030 3313 quoque
1039 3247 1149 3310 deinceps
1157 3247 1245 3296 moveri
1259 3259 1365 3314 pergant.

777 3313 812 3377 (l)
830 3317 844 3345 ⁶
862 3316 938 3375 Usque
954 3316 985 3362 od
1004 3329 1113 3362 occurram
1133 3329 1186 3362 mor
1237 3317 1242 3328 '
1279 3330 1298 3370 r,
1321 3315 1365 3362 bc.

745 3377 809 3424 Nam
827 3375 883 3423 cum
898 3375 1064 3436 particularum
1075 3390 1180 3440 correpo
1213 3378 1303 3424 entium
1318 3377 1366 3424 dia-

744 3439 830 3496 unde,
846 3448 899 3502 post
908 3439 995 3500 quevis
1004 3449 1108 3501 tempora
1117 3441 1302 3502 proportionalia,
1319 3441 1367 3489 sint

744 3518 835 3564 temper
844 3502 870 3550 in
880 3501 935 3551 dart
949 3502 1114 3550 dmnemomm
1130 3504 1219 3551 udone
1234 3503 1260 3550 iu
1275 3503 1367 3552 duobus

744 3567 905 3629 systematrbus
915 3568 957 3630 (ex
966 3565 1049 3627 deun).
1066 3581 1159 3614 necesse
1169 3577 1204 3615 est
1214 3579 1241 3616 ut
1251 3567 1366 3616 dimutie

743 3631 886 3691 temporibus
899 3629 1106 3692 proportionalibus
1116 3640 1259 3687 manascunt,
1277 3641 1302 3678 et
1312 3646 1365 3691 pro·

743 3693 799 3747 inde
808 3703 836 3742 ut
843 3695 1009 3755 particularum
1020 3707 1130 3740 occursus
1142 3695 1211 3753 primi
1221 3693 1363 3755 contingant,

743 3758 785 3805 ubi
802 3757 921 3818 particule
941 3756 988 3802 illie
1008 3756 1135 3819 figuramm
1157 3755 1268 3802 simliium
1288 3764 1364 3816 partes

743 3819 831 3868 similes
840 3819 1015 3879 descripsemnt.
1051 3817 1089 3864 Ex
1107 3832 1155 3878 quo
1173 3820 1276 3880 seqnitur
1293 3819 1363 3879 parti.

743 3881 851 3931 cularum
867 3881 960 3928 illarum
978 3895 1086 3927 occursu
1101 3879 1187 3941 primos
1204 3879 1290 3928 similes
1305 3881 1362 3939 fore,

634 3968 636 3972 ·
743 3955 795 3994 tum
805 3945 894 3992 ratione
903 3943 1066 4000 directionum,
1080 3944 1206 4006 quodiam
1221 3944 1364 3992 omnesne·

742 4006 1363 4068 mne-ammeriamnrionavelocitammetqmn-

742 4071 837 4120 titutum
846 4069 931 4118 motbs
967 4070 1085 4132 Siquidern
1100 4070 1173 4130 spatie
1183 4085 1290 4130 percursa
1304 4081 1364 4117 tem-

743 4136 838 4197 poribus
858 4133 1066 4196 proportionalibus
1086 4143 1142 4182 sont
1161 4147 1251 4194 suuper
1268 4133 1293 4179 in
1309 4132 1365 4182 nau

440 4253 447 4262 „
744 4199 840 4256 ratione,
863 4194 962 4260 ideoque
982 4196 1154 4244 velocitatem
1173 4196 1230 4244 locis
1250 4196 1365 4246 simibboe

78 4275 156 4324 simul
174 4272 291 4331 descripta
301 4271 400 4319 luissent
414 4267 439 4316 in
457 4277 567 4332 tangente
581 4268 603 4314 A
618 4266 648 4320 G,
665 4263 713 4323 ad,
745 4273 800 4310 sunt
815 4276 905 4322 semper
914 4261 941 4308 in
950 4260 1005 4308 dati
1014 4261 1110 4316 ratione,
1125 4269 1150 4307 et
1159 4259 1213 4307 indi
1222 4262 1253 4308 ob
1263 4262 1364 4321 partim.

78 4341 124 4387 erit
137 4338 195 4386 FG
207 4333 295 4391 adbd,
307 4335 366 4382 utA
378 4331 642 4390 G²><esadad²><
655 4329 712 4377 As·
745 4323 1365 4386 luummnespondemiumimilirudmemerdmm

81 4403 128 4450 Sed
151 4403 208 4464 (per
227 4399 282 4446 Cor.
302 4404 324 4446 l.
344 4397 413 4444 Lem·
427 4396 491 4456 xl.)
511 4397 533 4443 B
546 4397 572 4444 D
583 4415 589 4442 ι
605 4395 626 4442 F
638 4395 661 4441 G
678 4409 713 4439 a
745 4390 885 4438 densitatem
893 4389 1012 4441 ationem,
1020 4387 1157 4450 quantitates
1164 4386 1242 4434 motos
1248 4403 1302 4449 quie
1310 4399 1366 4436 mut

80 4471 104 4512 A
117 4465 147 4513 D
160 4467 193 4510 ἰ
210 4463 235 4509 A
249 4461 273 4509 G
285 4465 312 4519 ’ς
328 4457 400 4522 quui
416 4461 468 4522 (per
478 4459 665 4518 compositionem
677 4471 713 4502 ra-
744 4463 772 4502 nt
781 4454 914 4501 velocitates
926 4461 951 4500 et
959 4451 1083 4499 mnsam
1092 4460 1116 4498 et
1125 4450 1245 4498 volumina
1254 4454 1365 4516 conjunc·

78 4519 528 4586 tionumeterrequo)BD=bd=
542 4523 565 4568 A
579 4521 714 4576 D²xar
744 4517 795 4574 tim,
813 4517 840 4564 in
857 4515 915 4564 locis
930 4513 1252 4564 aimilibuamuntiudatl
1267 4518 1362 4563 ratione.

80 4592 169 4640 :ed2
185 4596 211 4646 ><
228 4589 252 4635 A
266 4589 290 4634 s„
327 4585 389 4634 Cbrn
407 4586 480 4647 igitur
497 4587 528 4632 ob
545 4584 714 4645 uimgulornm
748 4580 896 4630 llefleriones
915 4577 1060 4653 igimroqun
1080 4591 1108 4623 er
1130 4577 1245 4640 ejusaem
1265 4579 1366 4652 mouban

81 4657 104 4701 A
117 4654 186 4710 sl),
198 4667 214 4698 a
224 4667 237 4696 s
247 4651 271 4707 d,
282 4649 458 4697 similitudinem
470 4656 509 4711 (er
522 4647 602 4709 Hyp.)
613 4647 643 4694 eit
656 4647 678 4693 A
689 4646 715 4694 D
745 4653 815 4708 etque
831 4642 966 4691 occursibus
983 4640 1097 4689 mribus
1118 4651 1258 4700 ιιιιοιιιιιιιη
1279 4639 1367 4688 arndeo

80 4709 714 4769 rad=AS=asetidedAD²><eerad¹
746 4715 823 4760 unct.
1021 4743 1024 4748 .

113 4801 184 4848 Vor.
200 4799 240 4846 11.
723 4791 748 4840 N
