3275 5650
262 468 327 536 156‘
566 464 907 535 PHILOSOPHIAE
929 464 1201 533 NATURALIS
1265 464 1373 545 [Mor.
1389 454 1545 529 Gonnos.

260 641 347 705 simae
369 638 480 703 iisdem
503 638 693 723 temporibus
714 649 908 723 peraguntur
929 659 966 701 ec
986 639 1020 701 in
1043 637 1148 701 medio
1167 659 1231 701 non
1252 637 1424 713 resistente,
1448 635 1544 723 quim

213 816 215 823 ,
258 744 410 831 proximi.
455 744 573 808 Esrum
596 743 670 806 verb
694 767 764 829 quae
785 746 818 807 in
839 745 1008 830 majoribus
1029 744 1162 808 arcubus
1187 744 1278 819 fiunt,
1303 755 1446 828 tempora
1469 754 1544 807 sunt
1627 730 1631 740 ’

259 855 353 939 peulb
379 857 505 940 majora,
533 853 572 938 (ἃ)
587 864 752 938 propterea
775 852 861 938 qubd
884 853 1057 916 resistentia
1082 854 1116 915 in
1138 852 1291 915 descensu
1316 852 1456 935 corporis
1478 851 1542 937 quis

258 975 380 1046 tempus
408 960 600 1044 producitur,
631 960 668 1045 (θ)
690 961 792 1045 major
815 960 856 1022 sit
876 980 937 1043 pro
961 959 1081 1023 ratione
1103 958 1307 1046 longitudinis
1331 957 1364 1021 in
1390 956 1542 1021 descensu

258 1067 433 1151 desuiptae,
457 1063 550 1151 quim
564 1066 737 1129 resistentia
751 1066 784 1127 in
799 1087 928 1129 escensu
951 1065 1156 1150 subsequente
1171 1064 1232 1149 qui
1246 1076 1369 1146 tempus
1384 1064 1540 1127 contrabi-

258 1185 318 1238 tur.
364 1172 427 1237 Sed
442 1185 473 1235 et
486 1185 608 1257 tempus
623 1172 850 1236 oscillationum
864 1184 928 1236 tum
942 1172 1083 1235 brevium
1105 1170 1197 1257 quim
1218 1171 1382 1257 longarum
1396 1171 1539 1234 nonnihil

257 1278 390 1363 produci
414 1278 537 1342 videtur
560 1300 618 1363 per
639 1290 758 1341 motum
781 1278 885 1341 medii.
931 1276 965 1361 (f)
983 1278 1065 1340 Nem
1089 1276 1272 1361 corporibus
1295 1274 1539 1339 tardescentibus

257 1386 472 1472 paulominus
494 1388 656 1463 resistitur,
677 1409 737 1471 pro
759 1388 879 1451 ratione
900 1387 1078 1464 velocitatis,
1105 1398 1137 1450 et
1159 1387 1341 1471 corporibus
1362 1384 1540 1450 acceleretis

256 1491 352 1576 paulis
366 1494 465 1579 magis
480 1491 574 1578 quim
588 1494 625 1557 iis
640 1516 711 1579 quae
725 1493 919 1557 uniformiter
926 1493 1186 1580 progrediuntur:
1202 1493 1297 1578 idque
1308 1492 1539 1577 quismedium,

257 1622 297 1662 eo
310 1621 402 1684 quem
418 1622 437 1661 ιι
451 1599 633 1683 corporibus
648 1600 766 1683 accepit
774 1611 871 1676 motu,
886 1598 920 1661 in
931 1598 1062 1662 eundem
1070 1599 1195 1685 plagam
1205 1598 1375 1684 pergend0,
1390 1598 1424 1660 in
1434 1599 1540 1682 priore

258 1729 332 1771 cusu
342 1708 441 1793 magis
453 1708 596 1794 agitetur,
611 1708 825 1790 inposteriorc
839 1708 959 1783 minus3
981 1731 1018 1771 uc
1031 1707 1164 1792 proinde
1177 1710 1276 1795 magis
1290 1709 1339 1771 vel
1350 1709 1452 1771 minus
1467 1730 1540 1770 cum

258 1811 441 1895 corporibus
451 1810 547 1874 motis
562 1812 728 1895 conspiret.
777 1812 925 1877 Pendulis
949 1811 1045 1899 igitur
1065 1813 1099 1874 in
1121 1813 1273 1875 descensu
1292 1813 1392 1899 magis
1413 1812 1538 1889 resistit,

257 1919 291 1980 in
306 1939 434 1982 escensu
449 1919 552 1983 miurus
567 1916 661 2002 quim
675 1939 734 2001 pro
748 1919 869 1982 ratione
884 1918 1062 1995 velocitatis,
1079 1929 1111 1982 et
1121 1940 1161 1981 ex
1175 1917 1306 2003 utrique
1317 1917 1409 1982 censi
1418 1929 1541 2001 tempus

258 2023 453 2108 producitur.

426 2274 709 2339 PROPOSITIO
731 2272 899 2339 XXVIII.
944 2275 1215 2340 THEOREMA
1238 2276 1373 2340 XXIII.

228 2448 230 2461 '
259 2450 294 2512 Si
308 2450 428 2529 corpori
429 2448 640 2530 fitnependuio
655 2450 688 2511 in
701 2450 831 2531 cycloide
846 2450 996 2511 oscillunti
1015 2450 1166 2511 resistitur
1187 2451 1220 2511 in
1240 2451 1360 2511 ratione
1383 2460 1542 2511 momento·

301 2578 366 2621 rurn
391 2560 540 2638 temporis,
567 2558 626 2621 erit
646 2556 707 2641 ejus
727 2558 898 2621 resistentia
918 2559 962 2619 ud
981 2558 1039 2619 uim
1060 2559 1225 2639 grauitatis
1249 2568 1283 2619 ut
1303 2578 1432 2619 recessus
1452 2556 1544 2621 urceis

303 2666 441 2727 descensu
459 2674 521 2726 toto
545 2665 687 2747 descripti
710 2684 802 2745 supra
823 2684 925 2727 arcum
938 2684 1060 2727 arcemn
1079 2664 1266 2746 subsequente
1286 2666 1474 2747 descriptum,
1498 2668 1544 2727 ad

295 2771 425 2852 perdidi
438 2770 653 2854 longitudinem
664 2770 856 2852 duplicatum·

302 2941 456 3041 Designet
471 2941 499 3004 B
516 2942 544 3006 C
560 2963 666 3021 arcum
680 2940 830 3004 descensu
844 2938 1043 3022 descriptum,
1061 2939 1089 3002 C
1103 2962 1123 3003 s
1137 2961 1243 3007 orcum
1257 2963 1386 3004 ascensu
1401 2941 1543 3024 descrip-

257 3062 326 3113 tum
334 3074 343 3125 3
359 3061 391 3112 et
406 3050 437 3112 A
452 3072 471 3111 a
482 3048 690 3111 differentiam
705 3067 851 3109 arcuum:
868 3057 900 3108 et
910 3045 1059 3108 stantibus
1072 3066 1142 3130 quae
1156 3047 1190 3108 in
1200 3046 1416 3130 Propositione
1425 3044 1541 3110 XXV.

261 3239 296 3264 =
309 3219 332 3266 T
343 3221 376 3284 -Ι-
385 3233 401 3264 x
413 3237 418 3265 ι
434 3219 457 3266 Τ
468 3219 501 3283 4
513 3234 534 3280 y.
556 3217 618 3266 unde
636 3232 677 3278 per
695 3216 887 3276 conpositiones
949 3216 985 3279 (²)
997 3220 1010 3248 e
1023 3215 1104 3276 Mitior
1112 3219 1141 3267 sit
1149 3234 1192 3280 pro
1203 3219 1542 3280 mtioneiongitudtnis.1.on.

259 3282 377 3330 rationum
393 3281 510 3328 invenitur
526 3284 559 3327 v²
573 3283 595 3328 Α
609 3275 675 3330 B-
684 3297 708 3327 m
719 3297 733 3326 v
747 3281 771 3328 A
783 3282 806 3327 A
820 3281 843 3327 B
854 3307 886 3317 -
916 3280 999 3342 gitudo
1014 3280 1038 3326 in
1054 3281 1165 3328 descensu
1181 3281 1294 3342 descripte
1311 3297 1401 3342 semper
1416 3283 1489 3345 major
1505 3292 1543 3330 eet

261 3345 885 3432 mvrsnssmesrssunttnutffl
917 3343 1542 3457 quingintiffigeeptpnszepuuffeum.

263 3481 289 3534 χ
305 3435 529 3536 1-¹E.R)adv²
545 3451 882 3525 nB-va213.-.'T=
917 3423 1224 3519 ἓέωῃυέεὴωηωὲἱιω
1240 3424 1255 3455 ⁰
1283 3425 1543 3537 wpespibepxme-

395 3529 410 3559 V
951 3535 982 3599 (f)
996 3539 1009 3566 *
1022 3538 1089 3584 Nem
1099 3538 1227 3598 corporibus
1238 3540 1421 3594 sordescentibus,
1428 3553 1469 3585 seu
1479 3553 1544 3602 quo-

264 3577 887 3702 .„,..,......s....,1...-
918 3597 1543 3724 uurrsttutsututsuu

263 3721 338 3786 (quod
348 3718 438 3770 infiniti
445 3733 542 3780 pervum
550 3717 689 3780 supponitur
697 3720 727 3769 ob
735 3719 885 3783 exiguitatem
917 3725 1057 3784 rdodntist
1068 3696 1232 3787 eleoeponbus
1242 3697 1433 3784 eccelesiis’seu
1442 3729 1543 3776 descen-

262 3799 330 3832 ercus
353 3786 373 3832 B
392 3793 420 3832 ut
440 3792 464 3832 et
484 3783 618 3844 quantitatis
637 3797 663 3830 nt
679 3793 784 3842 repectu
802 3783 829 3843 v)
846 3783 886 3842 flet
917 3788 1030 3844 dentibus,
1050 3789 1122 3850 peuld
1139 3791 1213 3853 magis
1230 3790 1341 3838 resistitur
1356 3790 1426 3852 quim
1441 3793 1471 3838 iis
1485 3808 1543 3854 quse

262 3847 885 3912 v²nB-mvsnn:v²An-,mvssn=r:rt-53
916 3853 1253 3916 uniformiterprogrediuntut.
1282 3855 1541 3915 Inprioreenimonsu,

263 3922 299 3962 est
308 3929 365 3976 ergo
377 3913 399 3962 T
409 3932 444 3958 =
457 3911 554 3986 T†y,
565 3910 613 3960 sive
620 3911 743 3971 ternpusin
751 3912 886 3962 medionon
915 3917 1021 3964 medium
1038 3933 1067 3965 eo
1084 3933 1154 3979 quem
1173 3934 1188 3964 a
1204 3919 1338 3978 corporibus
1357 3919 1446 3979 accepit
1462 3931 1541 3978 motu,

261 3976 379 4026 mittente
390 3976 453 4024 idem
463 3990 490 4022 ac
500 3989 526 4022 ιιι
535 3974 614 4024 medio
623 3974 741 4026 resbtenn
751 3977 823 4038 quim
832 3991 886 4037 pro·
916 3996 1032 4043 quemque
1049 3981 1183 4044 aliquandiu
1199 3984 1229 4030 ob
1244 3981 1350 4030 inertiam
1365 3983 1467 4030 muene
1482 3999 1542 4031 con·

261 4037 332 4088 riute.
514 4102 521 4114 .
604 4102 611 4114 .
916 4053 997 4102 serrat,
1008 4045 1033 4090 in
1042 4045 1389 4119 eumdempleqsmperqitcum
1397 4047 1542 4106 corporibus,
1617 4069 1624 4078 ·

296 4105 343 4152 Sed
354 4104 506 4154 oscdletioues
513 4117 539 4150 ιιι
548 4101 685 4150 medionon
697 4103 815 4155 resistente
830 4114 886 4152 nint
916 4116 940 4154 et
955 4110 985 4155 ob
1001 4109 1134 4158 validiorem
1153 4111 1183 4156 sb
1200 4110 1268 4156 tuitio
1281 4109 1358 4158 motis
1372 4111 1482 4158 ωιιιίιιιιε
1497 4111 1543 4158 de-

262 4165 397 4223 isochronee,
416 4168 470 4216 hinc
489 4181 545 4229 ergo
562 4166 715 4217 oscillationes
730 4169 844 4218 breviores
859 4168 885 4214 in
916 4172 1341 4232 meismesptsmimpressiouem
1348 4174 1542 4236 megisegitetur,

263 4229 340 4278 medio
347 4232 464 4278 resistente
475 4231 505 4278 ed
514 4231 556 4277 hes
563 4227 633 4290 quim
642 4232 745 4290 proxime
753 4232 886 4281 accedentes
916 4250 945 4282 sc
954 4235 1050 4296 proinde
1060 4236 1134 4298 magis
1140 4231 1255 4296 conspiret
1262 4252 1317 4284 cum
1325 4239 1542 4298 wrponbusmotk,

263 4293 499 4356 ceunssuutmegis
509 4295 643 4345 isocbronae.
680 4296 711 4350 Q.
724 4311 744 4342 e.
758 4295 782 4342 d.
916 4299 1276 4360 minorenqueiisxesistentiem
1291 4300 1376 4363 objicit.
1412 4306 1447 4350 At
1461 4301 1487 4348 in
1503 4318 1544 4350 se-

298 4355 330 4418 (‘¹)
345 4361 356 4387 ¹*
370 4362 491 4419 Propterea
508 4361 569 4421 quod
586 4360 711 4408 eminus
727 4362 752 4408 in
769 4363 884 4419 ducem
916 4363 995 4412 muto
1016 4378 1070 4410 casu
1088 4362 1143 4410 curn
1161 4372 1240 4414 motus
1260 4375 1371 4426 perpetuo
1391 4365 1543 4424 ecceleretrn,

263 4419 305 4468 &u
342 4421 396 4475 Quo
414 4423 487 4483 major
505 4433 539 4470 est
555 4422 690 4478 resistentia,
712 4421 741 4470 ed
760 4423 836 4471 minor
851 4424 884 4480 fit,
916 4426 1021 4475 medium
1032 4441 1060 4474 ex
1075 4427 1191 4486 pneribus
1205 4427 1289 4478 ictibus
1304 4445 1352 4477 non
1367 4429 1421 4479 setis
1435 4430 1543 4479 velocem

265 4482 352 4534 ceteris
368 4484 467 4542 paribus,
485 4487 585 4545 corporis
601 4485 760 4536 descendentis
770 4487 885 4546 velocitas,
917 4501 1008 4537 motum
1023 4491 1117 4551 recepit,
1134 4500 1158 4538 et
1173 4490 1226 4540 ided
1237 4495 1287 4555 ejus
1297 4491 1400 4540 celeritas
1413 4494 1479 4540 noris
1493 4493 1544 4540 im-

264 4555 288 4596 et
299 4544 358 4602 ides,
369 4557 477 4595 manente
487 4547 609 4596 descensis
625 4549 778 4612 longitudine,
794 4560 886 4611 ternpus
916 4555 1021 4614 pulsibru
1041 4555 1153 4604 contimo
1173 4556 1280 4618 eugendo
1295 4566 1331 4604 est
1348 4566 1375 4604 ut
1391 4557 1463 4618 posu't
1482 4572 1544 4604 mm
1636 4584 1637 4617 t

263 4625 306 4672 pes
315 4610 466 4674 resistentium
477 4611 623 4670 prudentum
641 4623 665 4660 et
674 4623 761 4672 nonne,
778 4612 826 4677 qud
836 4630 884 4662 ma·
916 4619 1130 4678 corponbusmotis
1139 4620 1286 4679 sensurum
1295 4620 1397 4682 hincque
1406 4621 1546 4682 moribus
1636 4622 1637 4686 ξ

260 4673 298 4735 jor
308 4683 343 4724 est
353 4673 488 4730 resistentis,
505 4672 533 4722 ed
544 4675 611 4722 cinus
622 4677 765 4739 extinguitur
779 4678 887 4726 velociter
917 4682 1047 4732 acceleretis
1061 4682 1308 4746 resistitrnrsgiaqutlm
1324 4684 1471 4734 uniformiter
1486 4699 1545 4746 pro·
1635 4692 1637 4727 ἴ

263 4739 353 4800 corpori
363 4737 433 4788 insite
442 4737 467 4784 in
477 4751 581 4790 mensu.
917 4745 1080 4807 gredientibus.
1107 4746 1218 4795 Pendulis
1228 4747 1299 4810 igitur
1309 4747 1334 4794 iu
1344 4748 1458 4801 descensu
1465 4752 1547 4812 nitigis
1635 4752 1636 4805 ξ
