3275 5650
259 470 321 525 sls

352 646 456 695 PROP.
470 644 553 693 XIII.
590 638 725 695 TBEOR.
740 641 775 691 X.

258 727 338 775 Posito
353 726 416 787 quod
432 738 516 787 corpus
529 724 559 773 se
573 722 684 771 uniformi
698 723 811 787 gravime

287 790 395 837 deorsem
406 798 527 837 attractrun
538 786 600 835 recte
610 786 712 833 ascendit
723 788 759 834 rel
769 787 812 835 de·
826 834 832 843 ,

287 854 389 912 scendit;
398 860 422 899 et
428 851 492 915 qued
498 851 573 899 cidem
580 852 691 899 resistitur
697 851 780 913 partim
786 852 811 897 in

286 918 376 965 radam
383 915 514 973 velocitatis,
526 915 609 975 partim
618 915 644 961 in
655 914 758 975 eJ'usdem
775 930 811 960 rs.

286 982 349 1028 tione
355 979 482 1040 duplicati:
492 978 545 1025 dico
552 976 733 1039 quod,sicirculi
739 979 810 1039 othy.

286 1044 385 1105 perbolra
392 1043 508 1089 diametris
515 1042 629 1102 parallelae
635 1049 702 1088 rectas
708 1056 749 1101 per
755 1055 810 1088 cors·

281 1109 417 1171 jugatarurn
429 1106 593 1161 diametrorum
603 1106 714 1152 terminos
723 1104 810 1153 ducan-

286 1182 332 1227 tur,
348 1180 372 1218 et
383 1170 513 1217 velocitates
523 1169 569 1217 sint
576 1178 604 1215 ut
611 1183 731 1230 segmenta
746 1182 811 1230 quse.

286 1235 341 1281 dam
356 1234 517 1295 psrallalatum
527 1248 542 1279 a
551 1232 607 1279 dato
622 1242 710 1293 puncto
725 1230 809 1291 ducta;

286 1307 390 1357 tempora
398 1306 465 1343 amnt
475 1304 503 1343 ut
512 1310 617 1343 mearum
628 1306 731 1352 sectores,
744 1295 812 1343 rectis

286 1376 302 1409 a
311 1372 389 1417 canuc
397 1360 606 1421 adsegmentorum
615 1358 725 1405 terminos
735 1356 811 1410 ductis

286 1420 392 1472 abmisd:
411 1433 435 1470 et
446 1420 527 1491 conoe
528 1454 810 1471 ...........................
843 1427 873 1471 97

310 1593 313 1599 ,
352 1539 455 1589 PROP.
469 1539 545 1588 XIV.
582 1539 718 1587 THEOR.
733 1538 780 1585 XI.

255 1626 343 1675 Iisdem
353 1626 440 1686 posids,
456 1626 509 1673 dico
524 1624 587 1687 quod
602 1624 703 1685 spatium
715 1639 811 1673 ascensu

287 1690 323 1737 rel
331 1690 441 1738 descensu
447 1690 594 1749 descriptum,
607 1697 640 1735 est
648 1688 812 1737 utdIfferentia

286 1769 345 1800 areas
354 1768 470 1815 perquam
478 1763 569 1813 tempus
577 1754 707 1811 exponitur,
719 1761 742 1799 et
752 1768 811 1799 areas

287 1816 409 1878 cujusdam
419 1816 513 1863 alterius
522 1831 575 1878 quse
585 1824 684 1878 augetur
694 1816 730 1862 vel
741 1816 810 1862 dimi-

287 1882 368 1927 nuitur
387 1880 413 1927 in
433 1880 591 1942 progressione
611 1879 768 1937 annuerim
791 1880 811 1925 si

287 1946 347 1990 vires
355 1959 385 1991 ex
396 1944 523 1991 resistentie
529 1952 553 1990 et
562 1943 673 2006 gravitate
679 1942 811 2003 composita

286 2017 408 2055 sumantur
418 2008 444 2053 in
452 2008 608 2071 progressione
618 2005 809 2070 geometrice....·
829 2010 874 2053 102

350 2127 454 2176 PROP.
469 2128 529 2176 XV.
565 2129 701 2178 Tirsos.
716 2130 781 2178 XII.

258 2211 283 2260 si
299 2210 370 2258 medii
386 2211 486 2259 densitas
501 2212 526 2257 in
541 2212 597 2260 locis
607 2212 705 2275 singulis
715 2214 744 2259 sit
753 2213 811 2258 reci-

287 2274 357 2335 proce
376 2283 402 2322 ut
418 2274 526 2321 dIstantia
544 2277 647 2322 locorum
657 2284 757 2321 acentro
767 2276 811 2321 im·

287 2338 376 2393 mobili,
393 2338 469 2398 sitque
480 2337 513 2383 ris
523 2338 649 2398 centripeta
658 2338 683 2382 in
694 2336 811 2397 duplicate

287 2400 507 2447 radonedensitatis:
518 2400 570 2447 dico
577 2400 812 2463 quodcorpusgyrari

288 2472 362 2523 potest
368 2464 392 2509 in
401 2463 538 2523 spiraliquoe
545 2463 707 2511 radiosornnes
714 2474 813 2511 soentro

288 2526 330 2573 iiio
340 2526 422 2575 dum
432 2536 553 2574 mmm
562 2525 588 2573 iil
596 2526 684 2593 megillo
693 2526 809 2597 (Ilio-0¹0...
828 2532 874 2575 11³

332 2647 435 2696 PROP.
450 2648 525 2696 XVI.
561 2648 698 2699 THEOR.
714 2650 795 2700 XIII.

259 2730 285 2779 oi
295 2730 366 2777 medii
382 2730 482 2778 densitas
492 2732 517 2778 in
528 2732 584 2780 locis
599 2733 696 2797 singulls
711 2734 741 2781 sit
756 2734 813 2782 reci-

289 2792 358 2857 proce
374 2803 401 2841 ut
417 2795 524 2844 distantia
534 2796 637 2846 locorum
648 2814 663 2846 a
673 2807 752 2846 centro
767 2798 813 2846 im·
824 2795 826 2798 ’

289 2859 378 2913 mobili,
398 2859 472 2920 sitque
484 2860 518 2906 vis
528 2862 653 2920 centripcta
662 2862 777 2922 reciproce
788 2871 815 2909 ut

289 2921 390 2984 dignitas
398 2923 749 2986 quaelibetejusdemdistantias:
762 2927 815 2974 dico

291 2985 353 3046 quod
364 3001 448 3046 corpus
463 2988 539 3048 gyrari
549 2997 623 3047 potest
633 2989 658 3035 in
668 2990 746 3049 spirali
761 3005 814 3052 quae

291 3048 367 3095 radios
383 3063 464 3096 omnes
474 3067 488 3096 a
498 3061 577 3099 centro
595 3052 636 3099 illo
651 3055 733 3100 ductos
743 3053 814 3100 inter-

292 3120 352 3159 secat
362 3111 388 3158 in
398 3114 486 3176 angulo
496 3113 550 3162 dato
551 3146 813 3165 .........................
833 3121 875 3164 121

352 3232 455 3282 Prior.
467 3235 556 3284 XVII.
593 3237 722 3287 PROBL.
737 3239 784 3288 IV.

263 3318 372 3366 Invenire
383 3329 406 3368 et
416 3321 463 3366 sim
474 3322 624 3382 centripetam
634 3333 658 3370 ct
668 3323 739 3372 medii
749 3324 816 3372 resis-

294 3383 397 3440 tentiam,
413 3382 461 3445 que
471 3400 555 3446 corpus
565 3387 591 3432 in
601 3385 656 3438 date
666 3387 750 3448 spirali,
756 3385 817 3436 'dart

292 3445 417 3508 velocitatis
427 3448 479 3510 lege
489 3449 575 3496 revolvi
585 3458 666 3512 potest.
668 3483 815 3502 ..............
834 3458 880 3500 124

351 3548 455 3599 Prior.
470 3551 577 3601 XVIII.
614 3555 742 3606 PROBI..
757 3559 787 3605 V.

263 3629 327 3680 Date
344 3633 397 3696 lege
415 3635 448 3681 ris
466 3637 603 3698 centripetae,
626 3640 729 3689 invenIrs
747 3642 818 3689 medii

292 3696 429 3744 densitatem
444 3697 472 3744 in'
482 3700 538 3746 locIs
553 3701 657 3763 singulis,
674 3704 721 3766 qud
734 3719 817 3764 corpus

241 3794 245 3802 .
292 3761 370 3808 datam
381 3762 487 3824 spir-elem
503 3763 620 3812 describet
626 3800 813 3817 ..................
821 3768 877 3816 ibid.

345 3867 449 3916 enos.
464 3868 554 3938 xrx„
576 3871 711 3922 runos.
727 3873 799 3922 xrv.

264 3950 344 4000 Fluidi
360 3953 497 4015 homogenei
508 3965 532 4002 et
541 3956 640 4012 immoti,
657 3957 719 4018 quod
729 3958 754 4004 in
766 3974 817 4006 vase

293 4030 432 4079 quocunque
443 4018 540 4066 immoto
550 4020 666 4067 clauditur
681 4030 705 4068 et
715 4022 818 4084 undique

293 4079 459 4138 comprimitur,
471 4091 546 4142 partes
554 4098 634 4129 omnes
646 4085 755 4146 (sepositis
763 4101 818 4134 con-

293 4141 439 4198 densationis,
449 4146 572 4206 gravitatis.
585 4155 608 4193 ct
616 4147 700 4193 virium
711 4149 817 4196 omniurn

293 4206 471 4267 centripetarum
488 4209 681 4272 consideratione)
701 4213 819 4274 aqualiter

294 4280 432 4328 premuntur
443 4272 553 4334 undique,
566 4282 589 4320 et
599 4275 648 4320 sine
656 4277 720 4322 omni
728 4285 793 4324 motu
804 4294 818 4324 a

294 4333 410 4398 pressione
420 4333 461 4382 ille
471 4346 521 4383 orto
529 4348 665 4398 permanent
672 4339 697 4384 in
707 4340 764 4388 locis
770 4340 818 4388 suis
836 4345 880 4388 128

361 4437 463 4489 PROP.
478 4441 540 4490 XX.
576 4442 711 4492 THEOR.
727 4446 785 4494 XV.

265 4519 290 4568 Si
306 4519 372 4566 duidi
387 4522 491 4581 sphaerici
502 4525 561 4571 etin
576 4527 703 4588 equalibus
714 4543 728 4575 a
739 4539 818 4577 centro

295 4583 408 4631 distantiis
434 4588 579 4651 homogenei,
608 4590 682 4638 fundo
708 4593 819 4652 spbaerico

295 4648 440 4696 concantrico
456 4649 617 4709 incumbentis,
635 4668 709 4713 partes
719 4657 818 4719 singulae

296 4726 374 4760 sersus
381 4722 486 4761 centrum
497 4716 567 4763 totius
577 4717 705 4780 gravitent;
723 4721 820 4769 sustinet

670 442 793 507 rsusrr
810 454 1125 507 morosrrronuru

949 639 1053 688 fundum
1078 636 1171 698 pondos
1192 635 1301 697 oyIIndrI,
1328 634 1395 697 ouius
1414 635 1476 683 basis
1489 598 1534 638 Μ’

948 702 1043 765 aqualis
1053 710 1089 749 est
1102 700 1230 761 superficiei
1246 699 1322 756 fundi,
1338 709 1362 746 et
1374 700 1474 747 altitudo

947 767 1029 814 eadam
1039 780 1091 827 quse
1102 763 1168 811 fluidi
1184 764 1346 811 incrsmbentis.
1348 794 1439 812 .........
1440 767 1472 812 ’...
1491 768 1539 812 133

999 848 1102 897 Prior.
1115 848 1195 896 XXI.
1227 846 1363 896 THEOR.
1378 847 1449 894 XVI.

917 934 953 983 Sit
967 932 1034 981 fluidi
1052 932 1173 994 cajradm
1189 931 1291 979 densius
1308 932 1473 991 compressioni

945 996 1128 1058 proportionalis,
1147 1006 1171 1042 et
1185 1005 1260 1055 partes
1271 996 1321 1057 ejus
1331 1012 1345 1041 a
1356 996 1377 1041 vi
1388 996 1472 1041 centri-

945 1061 999 1121 pete
1007 1060 1122 1107 distantiis
1129 1059 1178 1108 suis
1187 1074 1202 1105 a
1211 1069 1290 1105 centro
1298 1056 1413 1118 reciproce
1419 1074 1472 1119 pro-

945 1124 1067 1185 portionali
1076 1121 1185 1171 daorsirm
1192 1124 1325 1169 trahamur:
1340 1122 1392 1168 dico
1401 1122 1472 1183 quod,

946 1188 966 1234 si
976 1188 1091 1235 distantis
1101 1187 1148 1234 illae
1158 1196 1280 1233 sumantur
1294 1184 1403 1232 continue
1418 1200 1472 1245 pro-

945 1251 1092 1313 portionales,
1114 1250 1237 1297 densitates
1259 1248 1325 1296 fluidi
1347 1250 1373 1293 in
1389 1249 1473 1295 iisdem

946 1315 1059 1362 distantiis
1077 1323 1145 1363 arum
1163 1315 1234 1361 etiam
1252 1311 1362 1360 continue
1377 1327 1472 1372 propor-

946 1378 1043 1427 tionales
1047 1408 1469 1427 ........................................
1487 1380 1537 1425 1³5

980 1478 1085 1527 PROP.
1099 1476 1190 1526 XXII.
1225 1476 1363 1524 THEOR.
1379 1474 1470 1523 XVII.

917 1563 953 1611 Sit
973 1562 1039 1610 fluidi
1054 1561 1175 1625 cujmdsm
1193 1560 1295 1609 densitas
1309 1560 1474 1621 compressioni

946 1625 1130 1687 proportionalis,
1148 1634 1172 1672 et
1187 1635 1262 1685 partes
1277 1622 1328 1685 ejus
1337 1640 1352 1671 a
1362 1626 1474 1687 gravitate

946 1689 1065 1753 quadratis
1082 1689 1243 1736 distantiamm
1261 1702 1357 1735 suarum
1367 1704 1382 1735 a
1392 1697 1471 1736 centro

946 1751 1061 1813 rsprroce
1076 1752 1241 1813 proportionali
1257 1750 1367 1799 daorsirm
1378 1754 1472 1798 trahan-

947 1826 998 1864 tur:
1017 1817 1071 1864 dico
1079 1816 1150 1878 quod,
1161 1817 1181 1863 si
1191 1816 1306 1862 detentis
1316 1822 1437 1862 sumantur
1447 1815 1473 1861 in
1565 1844 1569 1849 ·

946 1878 1213 1991 ξιιίοςᾶῑειιίοέιὶῖιιιιιιιίιΐιε
1230 1879 1354 1955 densitates
1367 1878 1432 1925 fluidi
1447 1878 1474 1926 in

1024 1954 1074 1990 stan
1127 1954 1197 1991 erunt
1206 1957 1231 1989 ιιι
1241 1958 1401 2005 progressione
1418 1958 1473 2005 geo·

947 2006 1048 2056 metrice
1050 2038 1471 2055 ........................................
1491 2010 1538 2053 138

964 2105 1069 2153 PROP.
1082 2104 1192 2153 XXIII.
1228 2104 1365 2154 THEOR.
1382 2106 1488 2154 XVIII.

921 2188 946 2237 Si
957 2188 1024 2236 fluidi
1037 2204 1066 2236 er
1073 2188 1191 2249 particulis
1201 2205 1226 2236 se
1236 2189 1320 2237 mutue
1330 2190 1475 2253 fugientibus

948 2252 1069 2313 composti
1079 2252 1179 2299 dendus
1185 2254 1216 2300 sit
1223 2264 1250 2301 ut
1257 2255 1403 2314 compressio,
1415 2254 1475 2300 sires

948 2316 1087 2378 centriiugoe
1103 2317 1268 2377 partIculanrm
1287 2322 1344 2363 sunt
1360 2315 1475 2377 reciproce

948 2380 1129 2441 proportionales
1145 2380 1258 2427 distantiis
1274 2392 1405 2428 centrorum
1421 2396 1476 2427 suo-

949 2458 1011 2491 rum.
1045 2444 1080 2491 Et
1097 2444 1146 2491 rice
1161 2444 1233 2501 versi,
1251 2444 1370 2503 particulas
1388 2444 1476 2491 viribus
1490 2495 1494 2499 ,

949 2522 1003 2568 quse
1018 2515 1074 2553 sunt
1091 2506 1208 2567 reciproce
1228 2507 1409 2567 proportionales
1426 2506 1475 2555 dis·

948 2570 1029 2618 anais
1043 2580 1175 2617 munorum
1189 2585 1286 2617 monim
1302 2586 1329 2617 se
1341 2568 1426 2618 mutire
1436 2570 1475 2617 in·

949 2635 1039 2697 giamm
1059 2643 1202 2694 componunt
1222 2633 1323 2681 duldum
1346 2634 1475 2691 classicum,

948 2695 1135 2809 mandras
1150 2708 1185 2744 est
1199 2698 1363 2757 compressioni
1380 2713 1476 2757 propor-
1493 2765 1542 2809 144

983 2865 1087 2916 PROP.
1101 2867 1205 2916 XXIV.
1241 2867 1379 2916 THEOR.
1394 2869 1473 2917 XIX.

922 2953 1069 3008 Quantitates
1087 2952 1189 2999 materia
1210 2952 1234 2998 in
1256 2953 1390 3012 corporisne
1406 2953 1478 3000 fune·

951 3017 1066 3076 pendulis,
1081 3030 1181 3077 quorum
1192 3027 1271 3064 centra
1283 3017 1453 3064 oscillationum
1463 3032 1478 3063 a

950 3089 1029 3129 centro
1055 3079 1211 3140 suspensionis
1237 3081 1356 3140 aequaliter
1382 3080 1475 3137 distant,
1530 3127 1533 3132 ,

951 3153 1007 3190 sunt
1017 3143 1041 3189 in
1051 3143 1140 3190 ratione
1148 3143 1274 3202 composite
1284 3159 1313 3190 ex
1323 3144 1412 3190 ratione
1419 3159 1479 3204 pon-

951 3207 1034 3253 derum
1056 3216 1080 3254 et
1100 3208 1188 3254 ratione
1209 3205 1327 3266 duplicate
1346 3216 1479 3266 temporum

952 3270 1122 3318 ooefflmonm
1135 3271 1161 3316 in
1170 3285 1251 3318 vacuo.
1254 3301 1474 3320 .....................
1494 3274 1542 3320 147

987 3347 1108 3417 'raon
1124 3368 1210 3416 xxv.
1245 3367 1458 3416 sunonxx.

924 3451 1024 3511 Corpora
1046 3449 1206 3511 Iunependula
1227 3450 1319 3512 quibus,
1348 3451 1374 3497 in
1399 3451 1477 3499 medio

953 3514 1041 3576 quovis,
1052 3513 1164 3561 resistitur
1174 3514 1198 3560 in
1208 3515 1296 3561 ratione
1306 3524 1478 3562 momentorum

953 3577 1068 3636 temporis,
1081 3587 1104 3624 et
1114 3592 1208 3636 corpora
1215 3576 1375 3636 iunependula
1390 3594 1442 3640 quae
1452 3579 1478 3625 in

954 3640 1058 3701 ejusdem
1073 3639 1191 3701 gravitatis
1205 3641 1318 3700 specificas
1336 3641 1414 3688 medio
1430 3658 1478 3689 non

953 3703 1072 3749 resistente
1081 3713 1211 3760 moventur,
1227 3705 1382 3752 oscillationes
1397 3705 1422 3751 in
1437 3721 1478 3766 cy-

953 3765 1480 3831 cloideeodemtemporaperaguntetsrcuum

953 3839 1028 3890 partes
1038 3829 1219 3892 proportionales
1228 3831 1298 3879 slmul
1314 3831 1476 3882 describunt...
1497 3837 1545 3883 150

988 3936 1092 3984 PROP.
1107 3938 1208 3986 XXVI.
1245 3939 1381 3988 Tirsos„
1396 3939 1475 3990 XXI.

926 4021 1056 4081 Corporum
1066 4023 1287 4083 funqmndulorum,
1302 4026 1386 4088 quibus
1397 4027 1482 4074 resisti.

955 4087 1030 4132 turin
1046 4087 1134 4134 ratione
1152 4089 1308 4144 salonitatum,
1327 4091 1482 4139 oscillationes
1583 4111 1588 4116 ·
1625 4133 1629 4148 .

955 4149 982 4195 in
997 4150 1308 4210 cycloidesuntisochronaa.
1310 4185 1479 4204 ................
1498 4161 1546 4206 153

973 4255 1077 4304 PROP.
1090 4256 1210 4304 XXVII.
1244 4258 1381 4307 Tirsos.
1397 4262 1490 4311 XXII.

927 4341 951 4388 Si
961 4342 1096 4401 corporibus
1105 4342 1272 4404 funependulis
1282 4344 1395 4392 resistitur
1401 4346 1427 4392 in
1437 4346 1482 4392 du·

956 4404 1042 4466 plicatis
1061 4406 1150 4454 ratione
1169 4409 1326 4466 velocitatum,
1348 4409 1484 4457 differentiae

957 4472 1018 4517 inter
1027 4478 1132 4530 tempora
1141 4471 1312 4519 oscillationum
1323 4473 1349 4518 ln
1359 4474 1436 4521 madio
1447 4489 1484 4521 re-

957 4533 1057 4589 sistente,
1085 4550 1112 4581 sc
1132 4544 1237 4595 tempora
1262 4537 1432 4584 oscillationum
1457 4537 1484 4584 in

958 4597 1062 4661 ejusdem
1080 4598 1199 4661 gravitatis
1213 4601 1326 4660 specifica
1341 4601 1420 4648 medlo
1434 4616 1483 4648 non

959 4661 1084 4719 resistente,
1101 4671 1171 4709 erunt
1188 4667 1287 4712 arcubus
1305 4665 1431 4712 oscillando
1441 4665 1483 4712 de-

958 4724 1047 4787 scriptis
1057 4726 1237 4788 proportionales
1245 4728 1447 4794 quamproxime...
1501 4734 1547 4780 trs
