3275 5650
85 426 209 491 Irata
226 428 392 509 Saeuum]
423 426 664 497 PRINCIPIA
688 430 1059 498 MATHEMATICA.
1324 444 1382 501 196

78 569 130 660 ἰιι
143 597 350 663 reflexionum
378 598 686 681 correspondentium
706 599 829 663 numeri
850 611 883 661 et
903 600 984 663 vires
1005 602 1220 686 conjunctim·
1251 602 1384 667 Numeri

92 719 197 771 autem
220 708 426 770 reflexionum
449 720 520 771 sunt
534 708 575 771 ad
589 708 721 772 invicem
735 720 770 771 ut
785 707 961 771 velocitates
981 709 1117 791 partium
1139 710 1382 792 corresponden-

90 814 171 877 tium
186 812 315 890 directe,
331 824 364 877 et
378 813 477 897 spatia
491 814 573 903 inter
587 834 695 877 earum
710 814 894 877 reflexiones
908 812 1040 877 inverse.
1086 815 1129 877 Et
1141 814 1224 878 vires
1238 816 1382 888 reflexio·

90 940 167 981 num
185 932 258 983 sunt
272 931 307 983 ut
321 920 497 983 velocitates
512 933 545 983 et
558 920 788 1008 magnitudines
802 932 835 985 et
849 920 1018 985 densitates
1039 922 1176 1006 partium
1197 944 1382 1007 correspon-

89 1028 234 1091 dentium
243 1029 430 1112 conjunotIm
439 1050 448 1103 3
464 1027 564 1107 idest,
581 1041 616 1093 ut
626 1030 803 1093 velocitates
811 1042 843 1094 et
853 1029 1078 1095 diametrorum
1088 1032 1161 1095 cubi
1172 1042 1204 1095 et
1212 1032 1381 1097 densitates

88 1138 238 1219 partium.
284 1138 328 1202 Et
341 1138 513 1223 conjunctis
528 1139 577 1202 his
592 1140 736 1203 omnibus
750 1140 934 1218 rationibus,
956 1141 1140 1204 resistentia
1162 1141 1297 1224 partium
1311 1164 1381 1205 cor-

87 1244 347 1328 respondentium
371 1254 444 1307 sunt
472 1244 513 1307 ad
541 1233 672 1308 invicem
703 1257 738 1309 ut
767 1246 920 1331 quadrata
944 1246 1142 1311 velocitatum
1171 1258 1202 1312 ct
1230 1248 1381 1332 quadrata

88 1353 314 1417 diametrorum
328 1362 360 1417 et
374 1353 542 1417 densitates
556 1355 691 1439 partium
705 1356 905 1440 conjunctim.
949 1356 992 1433 Q.
1007 1380 1035 1421 e.
1050 1356 1083 1421 d.
1207 1358 1214 1371 '

134 1468 235 1530 carot.
250 1474 278 1529 1.
325 1465 426 1552 Igitur
446 1465 472 1529 si
495 1476 661 1551 systemata
683 1466 737 1529 illa
759 1467 822 1530 sint
841 1464 939 1528 fluida
957 1466 1023 1530 duo
1043 1467 1168 1531 elastioa
1190 1469 1231 1531 ad
1251 1470 1381 1535 modum

88 1573 180 1649 airis,
207 1583 239 1635 et
259 1583 362 1655 partes
385 1593 492 1635 eorum
516 1572 676 1657 quiescant
697 1572 779 1635 inter
794 1594 844 1635 se:
868 1592 1004 1655 corpora
1017 1585 1122 1637 autem
1137 1574 1202 1637 duo
1217 1576 1328 1639 similia
1350 1590 1382 1640 et

87 1680 231 1764 partibus
252 1678 419 1741 fluidorum
442 1677 546 1765 quoad
567 1678 812 1765 magnitudinem
828 1689 861 1740 et
875 1678 1057 1742 densitatem
1072 1682 1327 1763 proportionalia,
1349 1696 1381 1749 et

87 1787 171 1849 inter
191 1796 295 1869 partes
315 1782 384 1845 illas
407 1782 547 1845 similiter
566 1782 677 1865 posita,
703 1781 875 1845 secundum
896 1782 994 1845 lineas
1020 1784 1161 1847 similiter
1180 1788 1307 1869 positas,
1331 1803 1380 1855 ut-

87 1914 210 1979 cunque
220 1891 438 1976 projiciantur3
454 1892 534 1955 vires
544 1903 649 1954 autem
660 1890 898 1967 acceleratrices,
915 1892 1027 1977 quibus
1038 1894 1200 1975 particula>
1209 1896 1380 1960 fluidorum

89 2024 121 2063 se
136 2009 251 2061 mutuo
266 1998 394 2085 agitant,
411 1997 473 2060 sint
487 2007 522 2059 ut
537 2018 704 2081 corporum
719 1998 930 2081 projectorum
944 1997 1088 2063 diametri
1102 1999 1235 2078 inverse,
1258 2015 1290 2066 et
1304 2026 1380 2087 qua·

87 2108 177 2171 drata
192 2106 393 2170 velocitatum
406 2104 541 2171 dIrectd:
558 2124 690 2189 corpora
701 2105 754 2169 illa
763 2106 955 2189 temporibus
965 2109 1252 2192 proportionalibus
1263 2112 1379 2175 similes

88 2215 272 2281 excitabunt
286 2226 388 2277 motus
403 2214 436 2277 in
450 2214 565 2292 fluidis,
588 2227 620 2278 et
634 2216 733 2299 spatia
754 2214 867 2279 similia
880 2238 917 2280 ac
930 2216 1088 2285 diametris
1110 2220 1173 2284 suis
1195 2223 1231 2304 (θ)
1247 2242 1379 2305 propor-

89 2323 220 2386 tionalia
235 2323 419 2389 describent.
454 2313 459 2319 ’

134 2435 236 2497 Corol.
254 2442 284 2497 2.
330 2434 468 2499 Proinde
483 2434 515 2497 in
531 2434 640 2499 eodem
655 2436 753 2500 fluido
774 2437 939 2522 projectile
961 2438 1054 2501 velox
1075 2440 1281 2504 resistentiam
1299 2440 1379 2523 pati·

87 2550 148 2617 tur,
165 2562 238 2625 quae
254 2540 348 2604 estin
362 2539 518 2625 duplicati
533 2542 653 2605 ratione
666 2543 838 2606 velocitatis
853 2541 1111 2629 quamproxime.
1154 2547 1238 2608 Nam
1249 2546 1276 2608 si
1286 2544 1377 2624 vires,

91 2647 205 2732 quibus
226 2647 386 2730 particulae
408 2648 557 2712 distantes
573 2671 605 2713 se
619 2660 728 2712 mutuo
743 2651 871 2737 agitant,
895 2662 1084 2737 augerentur
1104 2652 1137 2714 in
1157 2652 1313 2735 duplicati
1329 2676 1379 2733 ra-

90 2755 175 2817 tione
190 2754 371 2832 velocitatis,
396 2755 434 2841 (⁶)
450 2756 623 2819 resistentia
636 2756 716 2819 foret
730 2757 763 2819 in
778 2756 886 2820 eidem
903 2758 1022 2821 ratione
1044 2757 1201 2842 duplicati
1216 2759 1360 2826 accurate
1368 2785 1378 2838 ς

89 2871 126 2954 (ἢ)
142 2869 278 2955 ideoque
292 2869 326 2931 in
339 2870 453 2948 medio,
477 2871 564 2955 cujus
578 2881 682 2953 partes
698 2872 737 2935 ab
752 2870 886 2934 invicem
900 2871 1049 2935 distantes
1065 2894 1131 2935 sese
1153 2873 1271 2935 viribus
1284 2871 1378 2935 nullis

87 2977 218 3064 agitant,
243 2977 416 3041 resistentia
437 2992 483 3042 cst
505 2979 537 3042 in
560 2981 716 3064 duplicati
739 2981 859 3045 ratione
881 2978 1052 3046 velocitatis
1077 2982 1230 3046 accurate.
1277 2983 1378 3046 Sunto

85 3083 184 3170 igitur
198 3082 302 3145 media
315 3083 375 3145 tria
390 3083 430 3159 A,
448 3083 487 3160 B,
506 3084 533 3147 C
549 3085 742 3168 expertibus
764 3086 913 3150 similibus
929 3098 961 3150 et
975 3087 1146 3172 aequalibus
1160 3099 1192 3151 et
1206 3087 1377 3151 secundum

85 3191 248 3256 distantias
264 3191 397 3276 aequales
413 3193 596 3279 regulariter
618 3194 775 3278 dispositis
791 3198 971 3261 constantia.
1017 3199 1126 3262 Partes
1147 3198 1322 3262 mediorum
1346 3201 1377 3260 A

84 3313 115 3365 et
131 3301 164 3366 B
178 3299 303 3386 fugiant
318 3324 350 3365 se
366 3314 475 3366 mutuo
488 3302 606 3368 viribus
622 3325 693 3388 quae
708 3303 769 3367 sint
784 3305 824 3367 ad
839 3305 971 3369 invicem
986 3319 1021 3369 ut
1042 3307 1073 3370 T
1088 3319 1120 3369 et
1134 3307 1175 3383 V,
1198 3306 1261 3368 illae
1281 3305 1376 3368 medii

86 3409 113 3472 C
128 3406 286 3491 ejusmodi
300 3406 416 3470 viribus
431 3407 560 3470 omnind
577 3408 792 3473 destituantur.
839 3411 882 3474 Et
897 3412 923 3473 si
937 3432 1071 3494 corpora
1092 3425 1225 3497 quatuor
1246 3412 1388 3499 aequalia

83 3515 128 3592 D,
147 3515 189 3590 E,
208 3513 244 3590 F,
263 3513 295 3578 G
316 3515 349 3576 in
369 3514 420 3578 his
441 3515 552 3580 mediis
567 3529 761 3594 moveantur,
787 3519 893 3601 priora
914 3517 978 3580 duo
1002 3518 1036 3583 D
1060 3532 1092 3582 et
1115 3519 1145 3582 E
1166 3519 1198 3581 in
1220 3518 1376 3603 prioribus

81 3727 106 3776 in
123 3731 263 3780 occursibus
281 3735 305 3780 id
315 3742 355 3790 ert,
373 3741 401 3782 ut
416 3734 542 3782 missitatas
557 3743 579 3782 et
595 3736 718 3782 dumana-
750 3733 856 3781 dentium
866 3732 991 3782 diametros
1001 3742 1025 3780 et
1034 3733 1165 3790 densitates,
1177 3733 1310 3781 redatruare
1317 3741 1379 3783 sunt

80 3811 141 3842 rum
151 3798 363 3844 casbietdenritutes
371 3800 715 3860 purtiumcarresponderttium.
749 3799 775 3844 in
791 3797 910 3857 duplicati
928 3799 1018 3843 rarlone
1035 3797 1181 3843 velocitatum
1199 3796 1305 3844 accurate
1325 3803 1377 3858 (per

80 3862 117 3908 Et
130 3860 264 3920 conjunctis
274 3864 308 3908 Itis
319 3863 423 3909 mutuus
433 3863 621 3920 rotunditatis.
752 3861 825 3921 Prop.
844 3860 982 3908 XXXIII.
1003 3868 1028 3907 et
1047 3861 1098 3922 ejus
1121 3860 1198 3908 Comi.
1222 3860 1264 3920 l.).
1301 3858 1374 3922 Ergd,

114 3922 154 3984 (⁶)
182 3927 194 3954 '⁸
219 3927 402 3985 Propertianaliu
429 3928 562 3978 describent.
606 3925 720 3974 Probatur
751 3926 792 3972 811,

80 3987 150 4034 enim
175 3996 202 4033 ut
223 3988 248 4032 iu
269 3987 330 4033 dem.
354 3989 424 4048 Pmp.
451 3987 571 4036 XXXII.
597 3989 720 4036 Lemmata
784 3987 1136 4051 (²)01detqaeinmeaiaac.
1168 3987 1199 4034 In
1214 3985 1292 4032 medio
1310 3988 1378 4050 cujus

82 4050 162 4113 (189)
181 4050 268 4098 similes
278 4051 391 4098 similium
401 4051 532 4114 figurarum
543 4061 619 4113 partes
630 4062 720 4112 tempo-
752 4062 828 4112 partes
839 4054 868 4098 ab
879 4053 977 4098 invicem
989 4052 1100 4098 distantes
1115 4067 1164 4097 sese
1177 4051 1266 4097 viribus
1281 4051 1377 4110 quibus·

79 4115 150 4161 ribus
168 4114 379 4172 proportionalibus
389 4132 403 4162 a
414 4117 550 4175 corporibus
569 4115 615 4162 illis
631 4132 721 4176 semper
752 4131 852 4178 cumque
863 4115 887 4161 in
899 4115 987 4161 ratione
998 4115 1123 4162 velocitatis
1131 4113 1249 4172 duplicati
1257 4115 1377 4161 crescenti.

79 4177 195 4226 describi.
225 4179 295 4226 Unde
306 4179 463 4226 Corollarium
475 4181 520 4228 boc
531 4188 593 4240 patet
603 4181 654 4243 (per
664 4181 718 4228 Cor.
752 4181 796 4226 bus
806 4179 903 4240 agitant,
914 4179 1042 4226 resistentia
1053 4182 1093 4242 (ex
1104 4177 1175 4225 modi>
1185 4178 1260 4238 dem.)
1273 4188 1378 4224 estsera-

81 4247 103 4288 1.
118 4252 147 4288 et
160 4247 186 4288 2.
201 4241 271 4301 Prop.
287 4243 434 4305 XXXII.).
752 4258 793 4303 per
804 4243 828 4288 in
840 4240 921 4288 eidem
941 4242 1029 4290 ratione
1047 4241 1179 4302 duplicati3
1199 4241 1270 4302 quari
1285 4243 1303 4288 si
1320 4244 1380 4290 vires

113 4306 152 4367 (⁶)
167 4308 183 4334 ‘⁵
196 4307 401 4370 Reristantiofhret
414 4313 440 4356 in
452 4305 528 4356 eddam
543 4309 631 4354 rarione
643 4308 723 4368 dupli·
754 4307 800 4353 illae
811 4306 895 4368 quibus
905 4305 1024 4365 particular
1040 4322 1089 4352 sese
1104 4306 1199 4367 agitant,
1220 4317 1380 4368 supponantur

80 4368 139 4417 catii
153 4367 275 4416 accurati.
310 4371 373 4418 Nam
385 4371 404 4416 si
415 4371 477 4418 Idem
490 4386 573 4429 corpus
589 4367 652 4418 varia
668 4385 723 4416 cum
754 4369 825 4432 quim
843 4370 954 4424 minimae,
975 4369 1078 4416 manebit
1096 4385 1187 4429 semper
1207 4371 1335 4417 resistentia
1354 4371 1378 4416 in

81 4433 214 4480 velocitate
224 4433 249 4478 in
260 4448 310 4480 uuo
326 4433 455 4497 eodemque
471 4427 544 4482 fluido
555 4431 659 4482 similiter
669 4447 722 4492 pro·
754 4434 844 4480 ratione
851 4432 977 4479 velocitatis
985 4429 1102 4492 duplicati
1112 4432 1218 4481 accurate
1226 4451 1234 4490 ;
1243 4443 1380 4481 evanescant

74 4497 188 4559 jioiatur,
207 4495 296 4542 eaedem
313 4509 370 4551 sunt
386 4499 527 4552 resistentia,
548 4513 575 4544 ac
592 4499 611 4544 si
630 4513 725 4556 corpora
756 4497 850 4544 tandem
867 4496 914 4542 illae
930 4497 995 4552 vires,
1013 4506 1092 4542 manet
1107 4497 1235 4543 resistentia
1250 4498 1275 4543 in
1291 4499 1380 4545 ratione

78 4561 131 4608 duo
144 4559 240 4606 similia
247 4569 271 4606 et
286 4561 385 4622 aqualia
395 4559 502 4608 similiter
516 4562 684 4624 projIcerentur
699 4561 724 4606 in
756 4559 882 4611 velocitatis
897 4559 1028 4618 duplicata;
1049 4559 1162 4606 sedidem
1174 4562 1258 4606 melius
1268 4571 1330 4621 patet
1340 4575 1381 4619 per

77 4625 182 4674 duobus
192 4621 271 4671 fluidis
280 4625 351 4684 priori
363 4626 460 4672 omnino
470 4626 566 4685 paribus
572 4644 580 4682 ;
593 4619 634 4672 sed
645 4625 669 4670 in
678 4625 723 4671 hnc
754 4624 882 4672 secundam
893 4633 980 4682 partem
992 4623 1194 4672 demonstrationis
1214 4623 1380 4685 Propositionis

76 4703 145 4748 casu,
171 4689 204 4734 ob
226 4689 328 4750 aquales
345 4689 407 4736 inter
424 4705 448 4736 se
466 4688 569 4750 partium
589 4703 722 4750 correspon-
753 4689 826 4752 hujus
837 4683 973 4736 XXXIII.

711 4771 764 4819 Ni
