3275 5650
124 452 236 517 Lrarn
247 451 411 534 saecun]
443 451 685 520 PRINCIPIA
708 448 1081 518 MATHEMATICA.
1338 464 1406 534 rec,

14 614 20 715 l
123 623 272 702 haereant,
288 624 420 709 perinde
431 610 516 715 utin
530 625 650 690 scholio
661 617 888 711 Propositionis
903 626 1108 712 proecedentis
1119 627 1260 714 exposui.
1293 627 1409 716 Agitur

13 748 18 789 :
120 732 204 795 enim
219 732 253 794 in
268 734 469 818 sequentibus
484 734 524 797 de
538 733 711 798 resistentii
722 725 863 797 omnium
874 733 1000 797 minimi
1013 731 1106 819 quarn
1117 738 1252 817 corpora
1262 735 1406 813 rotunda,

12 852 13 865 ¹
120 838 201 902 datis
216 840 361 902 maximis
377 839 563 904 sectionibus
578 841 760 905 transversis
774 841 940 925 descripta,
956 840 1073 904 habere
1086 851 1227 924 possunt.

166 949 310 1033 Corpora
322 948 426 1012 fluidis
440 949 612 1023 irmatantia
620 993 629 1025 ,
646 949 700 1012 ubi
721 962 886 1013 moventur
900 949 933 1011 in
948 947 1109 1024 directum,
1134 945 1272 1011 efficiunt
1286 957 1322 1016 ut
1335 947 1407 1012 flui-

10 1066 12 1106 l
118 1053 199 1116 dum
223 1055 264 1117 ad
288 1061 409 1138 partem
432 1054 566 1117 andnam
591 1055 747 1132 ascendat,
774 1055 815 1118 ad
836 1056 986 1140 posticam
1013 1053 1161 1133 subsidat,
1187 1055 1360 1138 praesertim
1382 1055 1408 1118 si

117 1161 223 1249 ligura
238 1140 300 1225 sirit
314 1160 443 1237 obtusa;
468 1174 499 1226 et
519 1162 593 1226 inde
615 1163 822 1226 resistentiam
843 1163 938 1247 paulo
951 1163 1101 1246 majorem
1115 1162 1251 1226 sentiunt
1266 1159 1358 1248 quim
1380 1161 1408 1226 si

8 1258 9 1261 ¹
117 1268 221 1350 capite
236 1279 269 1330 et
283 1264 382 1331 caudi
397 1254 459 1331 sint
473 1269 581 1332 acutis.
627 1268 670 1332 Et
690 1291 823 1353 corpora
848 1271 882 1332 in
902 1269 1007 1333 fluidis
1028 1269 1160 1334 clasticis
1175 1283 1270 1348 mota,
1294 1273 1319 1334 si
1334 1283 1407 1336 ente

118 1392 153 1444 et
166 1391 240 1464 post
253 1379 366 1443 obtusa
379 1380 451 1456 sint,
466 1379 599 1442 fluidum
611 1380 708 1464 paulo
721 1381 820 1466 magis
831 1381 1027 1454 ¹condenseat
1041 1382 1082 1444 ad
1097 1381 1228 1444 anticam
1239 1393 1361 1465 partem
1375 1393 1407 1447 et

117 1488 217 1574 paulo
231 1488 330 1574 magis
351 1487 492 1551 relaxant
513 1487 554 1550 ad
574 1488 743 1571 posticam3
769 1499 800 1552 et
822 1488 895 1552 inde
916 1484 1120 1552 resistentiam
1141 1489 1235 1571 paulo
1256 1491 1406 1572 majorem
1480 1569 1487 1574 ,-
1578 1507 1580 1514 ⁴

118 1602 256 1665 sentiunt
270 1622 364 1686 quarn
378 1600 405 1662 si
419 1600 520 1683 capite
535 1612 567 1663 et
580 1598 678 1662 caudi
696 1599 757 1664 sint
771 1601 880 1664 acutis.
927 1598 990 1664 Sed
1004 1621 1062 1662 nos
1076 1599 1110 1661 in
1123 1598 1172 1662 his
1188 1599 1358 1664 Lemmatis
1374 1611 1406 1680 et

119 1705 393 1792 Propositionibus
407 1722 473 1770 non
487 1707 607 1792 agimus
621 1705 662 1770 de
675 1707 779 1770 fluidis
793 1703 941 1785 clasticis,¹
960 1707 1015 1771 sed
1030 1708 1072 1771 de
1086 1728 1153 1770 non
1168 1707 1300 1772 elastiois
1308 1732 1317 1782 3
1339 1727 1406 1772 non

120 1813 162 1878 de
176 1812 382 1877 insidentibus
392 1812 500 1890 fluido,
517 1811 571 1876 sed
587 1813 627 1877 de
641 1812 702 1878 alte
717 1813 879 1878 immersis.
925 1815 968 1878 Et
981 1814 1036 1878 ubi
1050 1815 1224 1878 resistentia
1238 1838 1406 1901 corporum

117 1921 153 1985 in
166 1921 271 1985 fluidis
285 1943 350 1984 non
361 1921 494 1984 elasticis
505 1920 679 1997 innotescit,
693 1921 840 2008 augenda
850 1921 908 1985 erit
918 1921 987 1984 haec
998 1921 1170 1986 resistentia
1181 1922 1406 2008 aliquantulum

119 2044 187 2096 tam
201 2030 235 2092 in
253 2029 358 2093 fluidis
378 2028 527 2104 clasticis3
550 2025 648 2112 qualis
670 2039 716 2092 est
737 2031 800 2107 aiir,
829 2027 921 2114 quim
941 2028 973 2091 in
994 2029 1214 2114 superficiebus
1238 2029 1406 2116 fluidorum

119 2136 339 2224 stagnantium,
357 2134 461 2219 qualia
474 2145 547 2198 sunt
560 2132 658 2196 maria
671 2146 703 2198 ct
716 2134 855 2219 paludes.
1056 2141 1059 2148 “

285 2391 567 2457 raorosrrro
590 2391 792 2456 xxxvrn.
839 2391 1110 2458 rnaoaeur
1132 2391 1248 2458 xxx.
1349 2355 1353 2362 ’

121 2569 224 2646 Globi,
246 2571 280 2631 in
286 2570 393 2655 fluido
406 2589 568 2650 compresso
583 2567 704 2649 itfioito
718 2577 748 2629 et
762 2588 822 2628 non
837 2565 957 2628 elustico
970 2565 1161 2648 uniformiter
1170 2567 1405 2647 progredientis,

161 2676 333 2740 resistentia
348 2685 391 2738 est
404 2678 447 2738 ud
461 2676 520 2737 vim
534 2672 594 2757 qud
608 2685 686 2738 totus
700 2673 762 2756 qius
775 2677 878 2750 motus,
895 2693 952 2756 quo
965 2681 1094 2754 tempore
1109 2681 1173 2734 octo
1182 2673 1291 2734 tertius
1299 2685 1407 2753 partes

162 2784 306 2847 drumetri
319 2803 380 2846 uite
394 2783 543 2859 describit,
565 2785 612 2847 uel
626 2785 694 2846 tolli
707 2784 806 2866 possit
820 2785 868 2847 uel
877 2782 1032 2865 generari,
1053 2789 1087 2843 ut
1102 2781 1234 2851 &cadus
1242 2781 1345 2866 fluidi
1365 2785 1409 2845 ad

165 2896 343 2958 detuitctou
353 2895 438 2979 globi
451 2891 682 2979 qwmprosimi.

164 3066 200 3151 (¹)
216 3066 307 3131 Nam⁴
321 3067 435 3154 globus
454 3080 503 3131 est
523 3066 565 3133 ad
584 3067 760 3154 cylindrum
781 3065 1050 3150 circumscriptum
1070 3075 1106 3127 ut
1126 3063 1190 3128 duo
1211 3064 1252 3127 ad
1274 3063 1350 3141 tria3
1376 3074 1408 3127 et

118 3186 289 3259 propterea
302 3176 348 3239 vis
362 3175 425 3252 illa,
442 3197 514 3261 quae
528 3175 638 3240 tollere
651 3176 749 3260 possit
762 3187 883 3239 motum
898 3196 1024 3237 ornnem
1041 3172 1172 3259 cylindri
1193 3173 1312 3236 interea
1332 3172 1408 3237 dum

118 3281 281 3367 cylindrus
306 3281 467 3358 describat,
483 3280 715 3368 longitudinem
741 3293 875 3367 quatuor
904 3279 1137 3355 diametrorum,
1169 3278 1256 3365 globi
1284 3292 1405 3345 motum

120 3412 249 3455 omnem
263 3391 351 3455 tollet
366 3392 485 3455 interea
499 3391 576 3455 dum
590 3390 703 3477 globus
725 3389 881 3454 describat
896 3388 973 3451 duas
988 3389 1094 3451 tertias
1104 3399 1209 3471 partes
1230 3388 1323 3474 hujus
1338 3389 1407 3451 lon-

118 3497 279 3584 gitudinis,
295 3498 329 3562 id
343 3500 487 3576 esu'octo
500 3498 607 3561 tertias
621 3510 725 3581 partes
740 3494 884 3559 diametri
898 3494 1044 3579 propriae.
1090 3494 1279 3557 Resistentia
1302 3507 1404 3579 autem

120 3606 257 3693 cylindri
271 3620 319 3671 est
338 3608 379 3671 ad
400 3607 482 3670 hanc
505 3608 568 3669 vim
591 3604 829 3693 quamproxime
844 3618 879 3669 ut
893 3605 1029 3669 densitas
1052 3604 1140 3667 fluidi
1162 3604 1203 3667 ad
1226 3604 1408 3669 densitatem

119 3716 254 3801 cylindri
268 3715 318 3779 vel
332 3715 418 3801 globi
431 3737 489 3799 per
504 3715 600 3799 Prop.
616 3714 802 3779 XXXVII.
819 3726 850 3779 et
865 3716 1039 3778 resistentia
1053 3714 1140 3801 globi
1155 3715 1282 3799 aequalis
1298 3727 1344 3778 est
1359 3738 1409 3779 re-

121 3827 268 3891 sistentiae
282 3825 415 3911 cylindri
429 3848 486 3910 per
502 3826 589 3889 Lem.
607 3826 647 3888 V.
659 3826 718 3889 VI.
736 3824 814 3889 VII.
862 3824 905 3900 Q.
921 3847 950 3887 e.
966 3824 996 3887 d.

165 3934 201 4020 (²)
219 3936 318 3999 Coroi.
336 3943 364 3997 1.
393 3932 579 4011 Globornm,
603 3933 636 3995 in
653 3932 762 3995 modiis
776 3930 962 4014 compressis
977 3929 1116 4007 infinitis,
1139 3930 1320 3993 resistentia
1335 3944 1408 3996 sunt

154 4109 187 4175 (⁸)
199 4114 267 4161 Nam
274 4114 352 4173 globus
362 4120 394 4161 est
405 4112 436 4158 ud
446 4110 575 4173 cylindrum
592 4106 751 4168 circumscrip
780 4102 849 4167 globi
864 4112 943 4151 motus
957 4101 1103 4151 intercedunt
1114 4109 1168 4147 octo
1182 4100 1260 4147 tertias
1270 4109 1347 4159 portes
1358 4098 1408 4174 dic-

120 4185 175 4225 tum
184 4185 214 4225 ut
224 4180 269 4223 duco
280 4179 312 4223 od
322 4178 367 4223 triu
385 4179 452 4238 (170.
467 4174 519 4221 Lib
532 4172 568 4233 1.)
585 4184 609 4219 et
625 4180 751 4231 propterea,
784 4168 853 4215 metri
869 4168 968 4227 propriae
983 4166 1090 4213 describit
1105 4164 1154 4211 tolli
1167 4164 1237 4223 possit
1248 4163 1283 4209 vel
1294 4178 1407 4225 genemrr,

120 4254 179 4287 carm
189 4238 272 4285 eadem
282 4238 312 4285 sit
322 4238 387 4300 globi
398 4248 421 4284 et
433 4237 531 4299 cylindri
543 4236 644 4282 densitas
660 4234 752 4280 eadem-
785 4241 819 4279 est
831 4230 860 4277 sd
871 4232 917 4276 vim
929 4229 1067 4277 uniformem
1079 4228 1125 4290 qui
1137 4238 1199 4275 totus
1209 4226 1306 4288 cylindri
1321 4236 1406 4282 motus,

121 4302 291 4365 quavelocitos
304 4305 343 4365 (er
356 4301 438 4362 Hyp.)
457 4302 575 4363 quantitas
591 4297 670 4345 motus
688 4297 752 4359 globi
783 4290 1409 4359 quotemporelongitudinemqustucrdiumetrorum
1442 4300 1445 4311 ¹

120 4375 158 4413 est
175 4365 207 4413 sd
223 4365 377 4428 manentem
395 4364 474 4412 motus
490 4363 591 4427 cylindri
610 4372 639 4410 ut
657 4361 706 4409 duo
722 4360 753 4407 sd
783 4359 846 4423 globi
859 4358 966 4405 describit
976 4358 1011 4403 vel
1020 4356 1071 4403 tolli
1082 4356 1118 4403 rel
1129 4355 1233 4419 generari
1244 4355 1316 4414 possit
1325 4365 1352 4402 ut
1360 4354 1408 4403 duo

121 4429 176 4484 tris,
194 4439 219 4476 et
237 4438 331 4489 ternpus
348 4444 396 4491 quo
413 4428 497 4491 globus
515 4438 570 4475 octo
584 4427 663 4473 tertias
677 4434 753 4485 partes
784 4424 815 4471 sd
826 4424 871 4470 tric
886 4420 972 4469 directi
981 4431 1005 4469 ct
1015 4420 1063 4469 duo
1078 4420 1109 4468 sd
1122 4420 1166 4467 tric
1179 4417 1274 4475 inversi,
1289 4418 1314 4465 id
1326 4428 1367 4473 est,
1382 4419 1409 4465 in

121 4493 231 4541 dismetd
250 4493 352 4553 proprio
367 4492 514 4539 uniformiter
532 4490 650 4547 describit,
672 4498 708 4536 est
721 4488 753 4535 ad
784 4484 1026 4550 munnerequulitatis.
1062 4486 1198 4535 Resistentio
1209 4493 1286 4533 susm
1302 4484 1407 4549 tytulo,

121 4565 216 4617 tempus
226 4571 275 4621 quo
285 4556 405 4618 cylindrus
414 4555 497 4603 eidem
508 4554 621 4601 uniformi
632 4552 753 4601 velocitate
785 4552 828 4599 dcc.

122 4620 286 4684 qrrsdmplum
306 4618 461 4683 longitudinis
481 4633 539 4675 sure,
564 4633 605 4667 seu
629 4616 767 4665 duodecim-
818 4614 852 4679 (⁸)
870 4618 884 4646 ⁶
906 4617 979 4665 eoa.
1001 4619 1023 4661 l.
1058 4614 1127 4663 Patet
1147 4627 1189 4675 per
1211 4612 1265 4661 Cor.
1291 4618 1312 4660 1.
1335 4609 1405 4669 Ptop.

123 4685 203 4732 teru'ss
212 4684 379 4732 dinneuorum
390 4682 454 4745 globi
462 4680 577 4739 describit,
587 4680 657 4728 edum
667 4688 696 4728 ut
705 4679 753 4729 duc
785 4679 946 4736 XXXVII„
965 4676 1022 4741 quib
1039 4677 1167 4727 raisoentis
1182 4676 1247 4739 globi
1264 4672 1361 4739 aqualis
1374 4682 1409 4723 est

124 4748 216 4799 sdtris·
253 4748 336 4803 Quare
352 4747 422 4809 (lle)
439 4745 474 4793 vis
488 4745 613 4795 uniformis
628 4743 675 4806 qut
689 4753 754 4793 totus
785 4742 919 4793 muntia
929 4742 1028 4807 cylindri
1037 4740 1209 4803 circumsmipti.
1315 4764 1329 4787 x
