3275 5650
108 493 223 561 Lmnn
234 494 400 574 Suetium]
432 494 672 560 PRINCIPIA
695 496 1064 564 MATHEMATICA.
1331 507 1393 570 197

104 662 310 751 quantitatem
330 662 520 747 impriment,
547 674 579 729 et
598 661 732 729 vicissim
754 668 825 748 (per
839 664 943 729 motus
963 664 1067 753 legem
1087 667 1390 753 semifumantem
1455 683 1458 688 ⁴

103 774 144 839 sb
157 774 270 839 eedem
283 775 472 840 reactionem
485 776 651 860 potientur,
667 775 729 839 hoc
739 787 796 851 est,
811 775 971 860 acqualiter
979 776 1177 841 resistemus:
1193 776 1390 842 menifestum

102 892 149 945 est
162 882 259 945 etium
274 881 359 967 quod
372 882 405 944 in
420 881 559 967 ejusdem
572 881 731 947 densitatis
745 881 849 945 fluidis
870 881 1013 959 elosticin
1035 881 1092 946 ubi
1109 880 1300 971 velocissune
1320 901 1390 945 mo-

98 1000 224 1067 ventur,
247 990 381 1075 oequsles
396 990 458 1055 sint
471 1011 579 1055 eorum
598 989 779 1055 resistentiae
801 1010 896 1074 quem
908 986 1069 1073 proxim&
1091 988 1156 1053 sive
1169 987 1266 1052 liuida
1279 988 1333 1051 illu
1346 1011 1386 1053 ex

97 1096 477 1183 perticulis'cressioribus
491 1110 644 1176 constent,
660 1099 724 1163 sive
735 1118 777 1162 ex
786 1098 926 1162 omnium
935 1097 1140 1163 subtilissimis
1149 1096 1386 1162 constituuntur.

98 1204 257 1271 Exmedii
267 1205 434 1272 subtilitate
442 1206 616 1273 resistentis
625 1204 831 1291 pmjectilium
840 1203 1000 1280 celerrimi
1011 1216 1168 1271 motorum
1177 1222 1244 1268 uon
1252 1202 1386 1268 multum

95 1312 293 1376 diminuitur.
993 1304 995 1309 ’

140 1420 241 1482 Corui.
258 1428 288 1483 6.
334 1416 417 1481 Haec
431 1416 537 1483 omnis
550 1418 643 1483 ita-se
657 1416 774 1481 hubent
788 1418 822 1481 in
834 1416 949 1494 fluidis,
972 1434 1107 1501 quorum
1127 1417 1174 1483 vis
1195 1417 1321 1484 elustica
1342 1435 1405 1483 ex·

93 1521 321 1612 particularum
342 1524 458 1591 viribus
472 1522 652 1624 centrifugis
666 1526 819 1612 originem
834 1524 930 1589 ducit
975 1523 1114 1600 Quodsi
1127 1524 1173 1589 vis
1187 1525 1242 1589 ille
1255 1524 1383 1610 aliunde

93 1634 227 1710 otiatus,
250 1631 345 1698 veluti
365 1656 407 1697 ex
426 1633 649 1717 particularum
669 1634 862 1719 expansione
875 1633 916 1697 sd
930 1633 1027 1697 instar
1049 1632 1132 1697 lunae
1152 1634 1203 1697 vel
1224 1655 1384 1701 ramorum

95 1744 259 1819 amorum,
274 1752 328 1805 sut
342 1764 382 1805 ex
396 1741 456 1806 alii
472 1741 579 1827 quivis
594 1741 696 1819 censi,
719 1742 781 1828 qut
795 1754 898 1807 motus
911 1740 1134 1825 particularum
1152 1743 1234 1807 inter
1255 1764 1289 1805 sc
1310 1742 1383 1809 red·

93 1850 213 1915 duntur
232 1849 335 1912 nunus
355 1848 463 1913 liberi:
489 1850 672 1927 resistentie,
692 1852 735 1913 ob
749 1851 903 1915 minomm
916 1849 1011 1915 modii
1025 1850 1220 1929 fluiditatem,
1242 1852 1302 1917 erit
1314 1875 1381 1917 mo·

88 1958 142 2043 jor
153 1956 251 2043 quim
264 1956 298 2020 in
313 1955 524 2051 superioribus
539 1953 729 2021 Corollariis.

225 2204 530 2273 .PROPOSITIO
553 2202 720 2271 XXXIV.
765 2204 1037 2273 THEOREMA
1059 2208 1227 2275 XXVIII.

88 2400 124 2467 Si
134 2398 243 2483 globis
257 2408 287 2462 et
299 2401 452 2483 cylindrus
465 2404 629 2485 cequolibus
643 2406 799 2469 diametris
813 2408 966 2489 deseram
982 2412 1016 2473 in
1030 2414 1127 2475 medio
1140 2436 1214 2478 raro
1227 2438 1265 2478 ex
1272 2418 1378 2499 pomi·

129 2506 207 2569 culis
219 2500 386 2588 aequdlibus
399 2516 428 2569 et
442 2510 485 2570 ad
496 2512 625 2591 :equales
638 2510 677 2573 ab
692 2512 815 2575 innicnn
834 2512 999 2579 distantias
1019 2516 1113 2580 liberi
1134 2520 1287 2601 dispositis
1306 2544 1377 2586 mn·

128 2622 239 2690 monte,
256 2610 411 2677 semndtm
419 2618 545 2704 plagam
559 2619 627 2682 ucis
638 2616 779 2703 cylindri,
802 2624 915 2705 aequali
927 2643 991 2688 cum
1004 2628 1160 2691 velocitate
1179 2642 1375 2696 moveantur.-

127 2724 189 2787 erit
203 2722 375 2787 resistentia
386 2724 471 2807 globi
485 2702 576 2809 dublo
589 2726 688 2791 minor
701 2726 789 2812 quim
803 2733 975 2797 resistentia
989 2737 1130 2819 cylindri.

127 2888 215 2956 Nam
235 2892 384 2978 quoniam
405 2893 486 2960 actio
507 2896 602 2961 medii
623 2897 655 2960 in
675 2885 790 2984 'corpus
805 2899 914 2966 eudem
929 2916 976 2970 est
998 2911 1068 2992 (per
1081 2908 1187 2999 legum
1204 2909 1310 2978 Corol.
1327 2916 1381 3004 5.)

85 3001 148 3066 sive
170 3019 286 3088 corpus
308 3003 341 3066 in
362 3004 468 3070 medio
489 3005 665 3092 quiescente
685 3023 856 3090 moventur,
881 3013 946 3078 sive
967 3016 1063 3080 medii
1082 3001 1243 3103 piruculae
1261 3020 1372 3088 eidem

85 3131 157 3172 cum
170 3109 334 3176 velocitate
358 3111 395 3196 (¹¹)
411 3105 585 3202 impingunt
599 3117 633 3179 in
646 3139 759 3202 eorpus
774 3119 877 3205 quies-
928 3125 931 3132 '

85 3218 416 3284 cens:consideremus
426 3243 538 3306 corpus
547 3234 695 3310 tanquam
704 3225 875 3311 quiescens,
942 3224 975 3271 ⁰
1049 3225 1109 3317 ΚΧ
1177 3228 1212 3280 Ν

85 3335 114 3387 ct
127 3323 292 3388 videamus
319 3349 381 3414 quo
406 3327 523 3414 impetu
545 3330 708 3416 urgebitur
729 3356 748 3396 a
771 3334 875 3398 medio
1175 3373 1182 3432 '.
1280 3367 1283 3371 -
1331 3323 1333 3328 ’

83 3442 240 3494 movente.
284 3432 438 3522 Designet
462 3436 557 3522 igitur
583 3437 612 3500 A
630 3437 659 3501 B
676 3439 708 3502 K
724 3440 740 3504 l
762 3463 876 3526 corpus
957 3449 960 3454 ’

82 3535 274 3620 sphaericum
288 3551 397 3604 centro
414 3542 442 3606 C
457 3543 700 3610 semi-diametro
716 3546 744 3612 C
759 3549 790 3612 A
805 3550 875 3615 des·
926 3314 1070 3775 lg
1200 3545 1205 3559 ’
1329 3535 1334 3549 ’

81 3645 230 3728 criptum,
247 3657 279 3709 et
288 3645 427 3713 incidant
435 3651 597 3734 particulae
610 3655 705 3718 medii
719 3656 791 3720 daut
803 3679 875 3722 cum

79 3751 245 3815 velocitate
260 3752 293 3814 in
308 3775 421 3839 corpus
442 3756 522 3820 illud
544 3759 741 3842 sphaericnm,
765 3784 876 3828 secun-
939 3811 975 3857 α
1040 3774 1048 3777 “
1091 3802 1094 3811 ·
1196 3755 1202 3764 ’

78 3857 159 3922 dum
181 3870 282 3922 rectas
303 3859 364 3946 ipsi
381 3863 410 3926 A
427 3862 456 3927 C
476 3865 655 3948 parallelas:
682 3869 782 3954 sitque
799 3867 871 3936 FB

77 3967 235 4051 ejusmou
250 3979 343 4034 recu.
387 3973 427 4036 In
442 3973 477 4037 eu
493 3959 632 4059 capiatur
658 3978 730 4042 un
752 3981 996 4046 semi-diametro
1013 3983 1086 4048 cn
1099 3982 1236 4069 aequam,
1263 3994 1294 4046 et
1308 3983 1371 4046 du·

76 4089 171 4139 catur
186 4077 215 4140 B
231 4077 265 4142 D
281 4101 352 4164 quae
367 4082 521 4166 sphaeram
536 4096 644 4172 tangat
658 4087 690 4150 in
707 4087 745 4152 Β.
790 4089 828 4152 In
846 4090 878 4153 Κ
895 4091 971 4154 Cet
987 4091 1015 4155 B
1030 4083 1065 4156 D
1079 4091 1281 4156 demittuntur
1294 4113 1366 4176 per-

75 4183 298 4268 pendiculares
315 4187 343 4252 B
355 4188 395 4266 E,
411 4189 441 4254 L
452 4189 496 4267 D,
513 4203 545 4256 et
559 4193 605 4254 vis
620 4191 680 4278 qui
695 4196 847 4278 particula
860 4195 965 4274 medii,
982 4197 1154 4262 secundum
1165 4210 1281 4262 rectam
1298 4200 1325 4263 F
1337 4199 1366 4264 B

76 4289 208 4376 obliqui
232 4291 409 4372 incidendo,
435 4296 563 4383 globum
584 4298 656 4363 ferit
676 4300 709 4363 in
733 4303 771 4380 B,
795 4304 854 4366 erit
868 4304 908 4366 ud
923 4306 986 4367 vim
1001 4305 1062 4391 quis
1084 4307 1236 4390 particula
1256 4310 1367 4374 eadem

75 4395 259 4482 cylindrum
275 4397 307 4462 O
323 4397 356 4462 N
371 4400 404 4465 G
420 4399 453 4477 Q
467 4424 526 4466 exe
541 4405 572 4468 A
586 4405 617 4470 -C
633 4407 650 4469 I
665 4407 748 4476 circs
767 4409 897 4494 globum
919 4411 1108 4497 descriptum
1129 4416 1366 4498 perpendiculu-

76 4567 480 4696 diutissimum
496 4575 711 4698 ttnnntt:
742 4579 952 4705 iiim
969 4583 1368 4712 subuniti

74 4695 131 4752 tiva,
157 4695 290 4770 eisdemque
311 4699 408 4757 promus
429 4701 464 4746 vis
485 4702 638 4760 percussionis
661 4706 713 4766 (per
743 4705 789 4752 lem
801 4707 982 4768 amberiam,
997 4710 1133 4775 luntroque
1146 4715 1368 4762 eminentem

73 4757 136 4806 dem.
169 4773 197 4806 ιιι
226 4759 281 4809 Con
306 4765 330 4810 5.
360 4762 406 4826 leg.
430 4765 502 4828 mot.)
530 4765 593 4814 idem
619 4781 712 4831 quoqne
742 4780 824 4832 agunt.

591 4853 756 4900 'No
