3275 5650
111 452 223 517 Lissa
234 452 399 531 Saeuum]
431 451 673 551 PR1N01P1A
696 446 1068 519 MATHEMATICA.
1322 463 1395 525 275

113 626 137 674 E
148 626 171 673 G
182 624 352 685 comprimitur,
359 632 394 671 est
401 624 430 671 ad
438 624 628 689 pondusiinaoise
638 624 660 671 E
670 625 702 680 G,
715 635 742 671 ut
773 634 894 673 moveatur
906 625 930 672 A
941 640 1021 673 versus
1039 626 1061 673 B
1072 625 1192 675 velocitate
1207 626 1279 683 finiti,
1297 638 1322 676 et
1336 637 1395 678 tem-

112 692 134 735 A
142 688 202 737 ade:
215 690 247 744 G,
258 687 365 751 adeoque
373 704 401 735 ex
411 702 486 749 aquo,
496 688 529 733 ris
536 687 584 749 qui
590 686 675 735 lineola
685 689 707 735 E
718 690 739 735 G
772 704 829 749 pore
849 688 941 736 infiniti
960 704 1032 748 parvo
1053 689 1167 737 describat
1187 691 1287 751 spatium
1307 692 1397 740 infiniti

111 753 136 799 in
145 753 498 815 singuiiapunctisurgetur,est
507 752 538 797 ad
549 753 598 812 ejus
606 751 705 815 pondus,
715 760 742 799 ut
772 766 869 813 parvum
881 752 948 811 primi
962 753 1049 799 ordinis
1062 757 1084 800 A
1096 769 1118 806 a,
1135 754 1170 800 vis
1179 754 1264 802 metris
1279 757 1360 814 puncti
1373 758 1396 803 B

114 818 138 864 0
148 816 228 873 Axi
239 816 270 863 ad
279 816 303 863 Ε
315 816 337 863 G
350 822 375 873 Χ
388 816 418 869 V,
427 830 469 861 seu
478 814 740 875 utremi-parameterin
772 816 817 862 erit
826 815 956 863 differentia
966 816 1049 863 sirium
1062 817 1229 877 repulsivarum
1244 819 1325 877 puncti
1338 821 1397 889 Apa

108 884 144 935 -A,
153 880 216 927 adV
226 879 366 941 V(estenim
377 880 400 927 Ο
412 878 471 925 Rad
485 879 507 926 E
522 879 545 925 G
554 889 581 925 ut
592 878 631 925 Τί
641 879 701 925 adB
712 879 740 934 C,
775 880 803 933 C,
820 890 856 925 est
869 888 947 926 autem
958 880 992 926 vis
1002 880 1117 941 repulsiva
1132 880 1214 941 puncti
1226 882 1249 928 A
1262 881 1301 929 ubi
1316 896 1395 941 perse·

109 942 242 1006 atquoided
254 952 281 989 ut
290 943 488 1002 semi-paraneter
498 940 528 988 ad
539 942 573 1002 V)
585 942 621 989 sci
630 950 656 989 ut
668 948 682 988 8
693 942 740 991 Ps
773 942 809 989 nit
818 943 844 987 in
855 958 876 998 a,
892 942 922 991 ad
933 944 980 989 rint
996 944 1078 1003 puncti
1092 944 1113 992 C
1130 944 1160 1009 (si
1176 945 1222 991 im-

112 1008 236 1065 andB
250 1006 298 1062 0²,
310 1005 738 1068 obandBCqutsemi-parame·
771 1007 1219 1068 motumsupponatur)utBCadBa,
1287 1029 1293 1053 ι
1325 1030 1332 1055 ι
1388 1032 1395 1057 i

109 1066 740 1194 tritinsiuitinittffi⁸
770 1069 1219 1183 iiiitrnuffi‘rr‘tt
1236 1114 1259 1161 A
1283 1131 1299 1163 ι
1324 1115 1346 1161 1³
1372 1115 1394 1162 c

109 1200 155 1245 bus
165 1196 263 1259 squam
273 1212 369 1257 corpora
378 1210 418 1257 per
424 1196 523 1259 aequaiia
530 1196 604 1257 spatia
610 1148 734 1256 irirpeilirn·
769 1196 791 1245 B
806 1198 826 1245 C
836 1224 870 1235 -
881 1148 926 1244 Bi
937 1201 982 1260 (=
992 1199 1014 1244 A
1022 1150 1090 1259 aiiid
1099 1200 1149 1247 Ba.
1165 1170 1219 1246 'Sed

109 1272 157 1318 tur,
169 1261 214 1307 sint
222 1260 338 1320 reciproce
346 1261 371 1306 in
379 1260 541 1320 subduplicata
549 1260 637 1307 ratione
644 1261 736 1316 virium,
771 1261 793 1306 A
804 1276 826 1317 a,
837 1270 872 1308 est
882 1261 972 1309 infinite
982 1276 1078 1321 parrum
1090 1277 1119 1315 ex
1130 1254 1249 1323 bypoihesi
1260 1272 1284 1309 et
1298 1263 1319 1310 B
1330 1277 1345 1309 a
1355 1270 1391 1309 est

110 1328 155 1371 erit
175 1334 268 1385 tempus
288 1324 421 1370 vibrationis
441 1324 519 1380 unius,
538 1333 637 1385 urgente
655 1324 678 1370 vi
695 1322 736 1371 ilis
768 1324 835 1371 iinita
849 1325 971 1387 quantitas,
991 1340 1048 1388 ergo
1063 1326 1098 1372 ris
1112 1326 1196 1371 motrix
1213 1325 1294 1386 puncti
1308 1326 1338 1383 B,
1355 1336 1391 1371 est

110 1388 212 1444 elastica,
228 1386 259 1433 ad
269 1396 361 1448 tempus
376 1388 447 1434 unius
458 1386 590 1435 vibrationis
600 1396 699 1449 urgente
711 1388 733 1433 ti
767 1386 859 1434 infinite
874 1402 944 1448 parra
959 1389 993 1435 ris
1008 1399 1113 1451 respectu
1129 1390 1163 1435 ris
1177 1389 1299 1449 repulsivas
1310 1390 1390 1448 puncti

109 1451 226 1513 ponderis,
240 1450 264 1496 in
275 1450 434 1511 subdupiicati
444 1451 533 1498 ratione
546 1452 568 1498 B
577 1449 653 1499 C²sd
664 1456 679 1497 8
690 1450 737 1501 Ps
770 1452 797 1505 C,
814 1466 868 1513 qua
875 1452 913 1505 ,vis
923 1452 1036 1512 repuisira
1047 1467 1090 1513 pro
1099 1452 1150 1513 ipsa
1159 1453 1181 1497 ri
1193 1451 1292 1499 naturali
1303 1452 1391 1499 elaterii

113 1523 140 1575 χ
161 1515 193 1561 A.
230 1520 309 1576 Atque
329 1513 389 1561 adeo
405 1513 436 1560 ad
453 1525 546 1574 tempus
564 1512 687 1561 descensio
701 1528 730 1561 es
764 1514 851 1561 assumi
867 1525 956 1574 potest;
973 1515 1007 1561 ria
1017 1526 1096 1563 autem
1112 1515 1252 1563 elasticitatis
1262 1527 1297 1562 cst
1309 1532 1337 1562 ex
1348 1531 1388 1577 ge-

110 1578 235 1626 aititudine
246 1578 261 1641 ξ
274 1580 305 1635 A,
317 1578 342 1623 iu
352 1576 512 1638 subdnpiicatri
521 1578 610 1625 ratione
624 1576 734 1625 BC²ad
765 1592 819 1625 nere
835 1581 987 1639 pressiouurn,
1003 1588 1108 1639 ternpore
1125 1578 1215 1626 innuit
1235 1594 1305 1639 parvo
1327 1578 1390 1625 relo-

110 1642 157 1689 aP
169 1642 186 1689 S
199 1647 225 1699 Χ
245 1647 264 1689 A
276 1652 300 1687 et
310 1640 470 1701 subdupiicata
479 1642 568 1687 ratione
579 1641 624 1687 8P
634 1642 651 1687 S
661 1640 690 1689 ad
702 1643 733 1696 A,
765 1641 858 1687 citatam
870 1641 960 1689 infinite*
971 1657 1064 1703 parram
1075 1652 1203 1705 generaret,
1219 1659 1272 1704 quae
1282 1642 1390 1689 velocitas

110 1707 155 1753 boc
165 1717 201 1753 est
211 1712 235 1751 in
247 1705 334 1755 ratione
345 1706 435 1769 integr-s
447 1705 469 1751 B
483 1704 543 1752 Cad
557 1705 589 1751 A.
620 1704 665 1751 Sed
676 1716 734 1751 tem·
765 1703 856 1751 infinita
874 1720 945 1765 parra
964 1706 1062 1752 durante
1074 1714 1186 1765 ‘tempore
1204 1705 1295 1753 iniinitd
1309 1705 1388 1767 parvo,

112 1785 169 1829 pore
180 1770 251 1815 unius
262 1768 393 1815 ributionis
403 1768 485 1827 pulsus
500 1766 668 1829 progrediendo
678 1784 734 1815 con·
765 1768 868 1828 epatium
878 1768 968 1817 infinite
978 1784 1075 1829 parvum
1090 1770 1185 1816 secundi
1202 1768 1289 1815 ordinis
1304 1768 1389 1816 descri-

113 1834 162 1879 ficit
172 1832 318 1882 latitudinem
330 1846 396 1877 susm
410 1832 431 1877 B
445 1832 472 1879 C.
508 1832 574 1893 Ergo
584 1840 677 1891 tempus
686 1846 734 1893 quo
765 1832 818 1878 bere
828 1832 926 1879 faceret:
945 1847 1001 1893 ergo
1011 1832 1125 1894 siquidem
1136 1833 1171 1877 ris
1180 1833 1265 1879 motrix
1276 1834 1357 1893 puncti
1366 1832 1389 1879 B

109 1898 193 1956 pulsus
214 1896 327 1955 percurrit
348 1895 447 1954 spatium
468 1895 579 1942 Bessa
595 1895 624 1940 sd
641 1904 733 1955 tempus
765 1895 836 1941 hu‘us
854 1896 888 1943 ris
906 1906 1011 1955 respectu
1031 1904 1067 1943 est
1081 1894 1173 1943 infinite
1191 1911 1269 1955 parra,
1286 1905 1390 1957 tempore

110 1959 269 2007 descensissex
277 1959 399 2005 altitudine
407 1958 423 2021 ᾖ
432 1963 463 2014 A,
473 1966 500 2005 ut
510 1958 531 2004 B
543 1956 600 2005 Cad
613 1958 641 2004 A.
662 1958 733 2005 Tern-
764 1910 855 2005 ininite
865 1974 936 2019 parvo
952 1959 1052 2019 spatium
1063 1957 1154 2006 iniiuitci
1165 1974 1262 2020 parrum
1277 1959 1391 2006 duntaxat

111 2039 156 2083 pus
171 2034 251 2070 autem
266 2038 314 2084 quo
329 2022 410 2087 pulsus
425 2022 538 2083 percurrit
553 2020 652 2081 spatium
667 2024 688 2067 A
697 2032 735 2070 est
766 2022 828 2071 tertii
838 2022 926 2069 ordinis
935 2022 1169 2079 descrstteresaoeret3
1182 2023 1262 2069 nuilus
1272 2038 1328 2085 ergo
1338 2038 1390 2069 mo·

111 2088 141 2134 ud
151 2096 244 2146 ternpus
254 2101 301 2147 quo
312 2087 423 2145 percurrit
433 2085 534 2145 spatium
550 2086 571 2131 B
586 2086 614 2141 C,
631 2093 658 2131 ut
671 2089 693 2131 A
705 2084 734 2131 ad
766 2093 805 2131 tus
814 2086 840 2131 in
848 2096 935 2146 puncto
945 2088 967 2134 B
976 2086 1123 2147 generabitur
1132 2085 1282 2147 nisispatiusn
1289 2087 1390 2146 descrip-

114 2151 136 2197 B
150 2152 178 2206 C,
191 2147 296 2211 adetique
307 2149 395 2212 aequale
407 2149 504 2209 tempori
515 2148 638 2195 descensus
643 2164 671 2194 es
682 2148 734 2195 alti-
765 2157 818 2195 tum
831 2150 852 2195 A
865 2166 880 2197 a
890 2150 919 2195 sit
929 2150 995 2197 finita
1004 2150 1128 2212 quantitas,
1140 2149 1268 2211 uullaergo
1275 2151 1317 2197 erit
1325 2166 1390 2196 com-

111 2214 194 2261 tudine
205 2213 222 2277 ἦ
239 2216 268 2260 A.
766 2213 852 2273 pressio
862 2213 923 2260 inter
933 2223 1022 2274 puncta
1034 2214 1091 2260 Bet
1103 2213 1130 2260 C.
1155 2209 1200 2267 'tt
1209 2229 1229 2259 e
1243 2212 1267 2260 d.

144 2276 195 2324 Hic
209 2275 344 2332 notandum,
356 2274 419 2338 quod
430 2272 529 2322 absurda
539 2274 576 2331 sit,
588 2284 611 2321 et
621 2274 687 2322 factis
698 2290 734 2322 re-
798 2280 820 2324 5.
837 2280 908 2325 Corui.
922 2282 943 2323 1.
961 2277 1112 2338 Nuliuaergo
1121 2286 1199 2323 motus
1205 2291 1233 2321 ex
1243 2286 1331 2335 puncto
1341 2292 1391 2323 me·

111 2340 209 2387 futanda
225 2340 357 2400 hypothesis
373 2338 411 2385 hic
426 2350 551 2399 assumpta,
571 2338 635 2399 quod
650 2352 734 2399 nempe
765 2338 798 2385 dii
809 2340 897 2387 elaetici
907 2340 931 2385 in
940 2350 1054 2399 punctum
1062 2339 1195 2399 proximum
1202 2339 1391 2386 transierturuisi

110 2404 193 2464 pulsus
216 2413 361 2465 propagetur,
388 2402 507 2462 particulis
528 2402 637 2449 euntibus
656 2412 680 2448 et
698 2418 733 2449 ra·
764 2412 817 2461 post
827 2412 920 2465 tempus
930 2404 1031 2459 (initum,
1047 2418 1103 2448 nam
1114 2403 1216 2462 spatium
1227 2403 1320 2449 finitum
1334 2407 1355 2448 A
1368 2420 1389 2458 s,

110 2466 235 2515 deuotibus
246 2482 288 2527 pro
298 2465 350 2528 lege
360 2466 437 2528 gravis
452 2466 629 2513 ascendentiset
639 2465 732 2513 dmcen·
765 2465 858 2512 nonnisi
869 2476 972 2526 tempore
982 2467 1049 2513 finito
1060 2466 1162 2527 percurri
1177 2476 1252 2527 potest
1268 2482 1309 2528 per
1325 2466 1387 2513 velo·

110 2530 192 2577 dentis.
229 2528 320 2577 Verum
337 2530 360 2576 id
376 2530 452 2589 ipsum
468 2539 502 2576 est
518 2530 580 2591 quod
591 2528 733 2575 demonstra·
766 2528 859 2575 citatem
871 2529 967 2576 finitam.

110 2596 198 2641 tionem
211 2594 389 2641 Neamninmm
406 2593 494 2648 evertit,
510 2592 653 2639 ostendendo
664 2594 732 2640 nimi·
796 2599 819 2640 6.
834 2596 905 2642 Corui.
918 2599 941 2640 ⁴2.
960 2594 994 2641 Et
1005 2591 1112 2639 velocitas
1123 2592 1189 2638 finita
1199 2593 1224 2639 in
1235 2594 1389 2653 punctoelss-

109 2674 163 2705 nrm
180 2673 232 2705 eam
252 2658 325 2717 ipsam
345 2655 451 2704 absurdae
469 2656 590 2717 hypothesi
609 2656 733 2717 probandae
765 2655 812 2703 tico
830 2656 929 2705 excitata
946 2671 993 2703 uon
1015 2657 1144 2703 mutabitur
1164 2656 1211 2705 nisi
1226 2666 1277 2715 post
1296 2667 1389 2716 tempus

110 2736 176 2785 aque
187 2722 303 2767 inservire.
763 2719 858 2767 finitum
867 2729 892 2767 et
901 2730 1022 2783 postquam
1033 2720 1160 2780 quantitate
1171 2718 1238 2767 finiti
1247 2722 1387 2780 processerit.

142 2789 265 2834 Hactenus
280 2787 315 2834 vir
330 2784 486 2840 doctissimam,-
503 2786 733 2846 sequuntureoqui·
767 2783 820 2831 Sint
838 2784 900 2832 enim
918 2783 1127 2844 mediiparticuia·
1145 2784 1171 2839 Z,
1185 2783 1216 2837 A,
1231 2784 1262 2840 B,
1280 2783 1390 2842 procedat

108 2850 510 2912 uureuuuiposseNewtooiansm
521 2851 733 2898 dcrnondrotionem
766 2858 882 2909 punctum
900 2850 923 2896 A
943 2849 1063 2896 velocitate
1081 2846 1146 2894 finiti
1169 2856 1296 2908 utcumque
1317 2848 1343 2893 iu
1363 2847 1388 2894 id

113 2917 237 2962 credimus.
766 2923 881 2972 punctum
902 2913 1021 2974 producta,
1042 2921 1066 2958 et
1086 2920 1191 2971 tempore
1210 2909 1302 2961 infinite
1318 2925 1390 2974 parvo

46 2985 50 2996 ’
766 2973 882 3024 describat
896 2977 996 3038 spatium
1012 2973 1102 3022 infinite
1117 2989 1215 3035 parrum
1364 3035 1367 3039 ἵ

159 3041 199 3090 De
211 3040 317 3089 Motibus
327 3039 353 3086 iu
366 3037 452 3088 muido
463 3038 566 3088 Elmtico
580 3039 677 3090 Genitis.
770 3039 825 3094 Aa,
843 3041 878 3088 ris
892 3040 941 3102 qui
955 3040 1047 3086 sistctm
1062 3054 1089 3085 ea
1105 3038 1213 3085 velocitas
1230 3060 1249 3105 Ζ
1295 3057 1318 3104 Α
1364 3057 1388 3108 Β

766 3103 853 3150 orietur
863 3120 891 3151 er
902 3103 1031 3152 differentia
1042 3102 1126 3150 virium
1136 3101 1212 3148 clasti-

143 3175 165 3217 t.
179 3171 323 3232 Hypstlresis.
356 3168 467 3228 Suppouo
487 3166 591 3214 medium
612 3166 733 3214 clasticnm
766 3181 846 3214 carum
857 3169 938 3228 puncti
949 3168 1000 3215 Zet
1009 3166 1090 3231 puncti
1098 3167 1125 3222 B,
1135 3175 1214 3227 astque
1229 3167 1391 3204 ΤΤ-δ”

108 3245 213 3282 construe
222 3231 322 3293 punctis,
333 3233 463 3294 quarrtitate
470 3231 555 3293 exigui
566 3229 605 3278 sed
617 3229 734 3278 initiasse
764 3230 799 3276 via
805 3232 886 3291 puncti
894 3234 915 3280 B
922 3231 952 3279 ad
959 3231 1005 3278 vim
1014 3231 1094 3291 puncti
1103 3230 1156 3275 Zut
1165 3231 1187 3276 A
1197 3229 1218 3276 B
1333 3243 1349 3276 a

108 3298 202 3355 dissitis,
220 3306 243 3343 et
254 3297 275 3342 ri
287 3295 401 3356 repuisirri
411 3294 503 3342 donatis
513 3309 566 3356 quae
580 3294 694 3342 distantiae
705 3295 733 3341 ii·
766 3293 798 3358 ÷
811 3295 835 3340 A
843 3295 893 3342 aad
907 3297 929 3342 A
939 3295 1001 3342 B-
1012 3294 1063 3351 Aa,
1074 3302 1098 3340 et
1108 3292 1213 3339 dividen-

108 3362 186 3408 lorum
205 3369 345 3421 punctorum
364 3359 394 3406 sit
411 3358 526 3420 reciproce
542 3358 731 3418 proportionalisg
763 3357 795 3405 do
816 3358 852 3404 ris
872 3356 956 3404 sums
975 3365 1091 3414 punctum
1110 3355 1133 3400 A
1151 3354 1181 3400 ad
1198 3355 1245 3402 rim
1261 3355 1342 3416 puncti
1359 3357 1385 3412 2,

110 3441 153 3472 nec
169 3424 262 3471 adalia
279 3432 366 3483 puncts
385 3433 469 3483 prater
486 3437 514 3469 ea
531 3437 585 3483 quaa
601 3421 734 3468 immediate
764 3423 961 3469 utAAaadA
975 3421 1109 3475 B-Aa,
1125 3419 1167 3465 scd
1184 3419 1233 3466 Aa
1248 3430 1284 3467 eat
1298 3419 1390 3467 influit

109 3489 216 3549 proxima
222 3486 456 3534 suntsaseestsudit:
470 3485 584 3532 bocenim
592 3484 733 3548 modoquae-
765 3499 863 3545 parrum
873 3494 978 3545 respectu
988 3483 1123 3546 quantitatis
1135 3485 1158 3529 A
1172 3483 1194 3530 B
1204 3510 1237 3520 -
1250 3485 1273 3530 A
1284 3499 1306 3539 a,
1323 3499 1388 3546 ergo,

109 3568 210 3614 cumque
218 3552 248 3598 sit
256 3550 356 3611 partium
364 3549 434 3596 medii
442 3548 528 3596 elustici
536 3558 625 3601 natura,
636 3549 691 3595 satis
698 3550 734 3594 sa-
765 3549 799 3594 vis
810 3549 892 3595 sistem
902 3558 1017 3608 punctum
1030 3549 1052 3594 A
1065 3557 1100 3594 est
1109 3545 1200 3597 inbuite
1211 3563 1288 3608 parra,
1299 3562 1388 3608 respac-

109 3617 184 3663 liciter
194 3623 388 3675 representantur
403 3613 499 3660 effectus
508 3614 549 3676 qui
560 3627 677 3660 saeorum
686 3612 734 3660 ela-
765 3620 791 3659 tu
803 3613 837 3658 vis
848 3612 928 3672 puncti
946 3613 973 3669 Z,
992 3627 1046 3674 quse
1063 3619 1098 3658 est
1114 3614 1149 3657 vis
1163 3611 1250 3658 elaterii
1267 3610 1386 3666 naturalis,

110 3681 169 3727 terio
179 3679 289 3740 pendent.
764 3675 818 3722 ided
835 3676 928 3740 (eodem
944 3675 1015 3723 modo
1030 3690 1058 3723 ac
1072 3675 1098 3720 in
1110 3675 1271 3721 Theorematis
1290 3673 1386 3719 demon-

141 3749 164 3790 2.
180 3745 252 3792 Corcl.
267 3747 289 3788 1.
308 3739 383 3788 Medii
392 3740 478 3788 clastici
488 3749 561 3786 status
576 3739 689 3787 naturalis
698 3749 733 3787 est
764 3749 862 3786 stratum
872 3740 929 3800 tuit)
941 3739 1081 3801 probabitur,
1093 3737 1140 3782 vim
1151 3735 1217 3782 illam
1230 3746 1333 3794 tempore
1348 3735 1386 3787 iu.

109 3817 137 3854 ut
147 3818 235 3867 puncta
245 3805 296 3868 ejus
306 3804 398 3852 elastica
405 3819 419 3852 a
426 3819 452 3852 se
462 3801 546 3850 mutuo
557 3803 678 3866 aqualiter
685 3804 732 3850 dis·
764 3802 830 3850 finite
841 3817 912 3862 parvo
920 3802 1021 3862 spatium
1031 3799 1121 3846 intuite
1126 3814 1224 3858 parrum
1232 3799 1292 3846 tertii
1300 3797 1388 3850 ordinis

110 3881 167 3918 ten..
763 3869 942 3926 producturam:
966 3879 1038 3926 quara
1052 3861 1142 3910 etiamsi
1157 3862 1251 3923 slogula
1271 3871 1387 3922 punctae

142 3941 165 3982 8.
177 3937 249 3983 Carni·
264 3937 286 3979 2.
310 3932 402 3979 hocta
417 3931 510 3978 eiastics
525 3929 667 3977 velocitatem
679 3930 732 3977 Ant-
764 3941 829 3989 purte
841 3930 863 3976 B
875 3928 949 3990 posita
958 3927 1042 3990 equali
1053 3926 1182 3988 tingerent
1196 3940 1324 3988 eorumque
1339 3940 1385 3971 nu·

110 4007 158 4046 tam
170 3997 286 4060 suscipere
296 4005 392 4056 possunt
402 3996 438 4042 rel
450 4010 491 4056 per
505 3993 665 4040 immediatum
677 4009 732 4042 cou-
763 4009 842 4040 rnerus
852 3991 958 4039 infinitus
967 3992 1034 4048 foret,
1051 3990 1110 4037 vires
1120 3989 1167 4036 iliae
1183 4004 1264 4035 omnes
1279 4004 1326 4035 nou
1342 3989 1387 4034 uisi

110 4071 199 4109 motum
210 4061 312 4120 corporis
321 4061 386 4116 moti,
400 4059 518 4106 velocitate
527 4056 571 4104 sud
582 4056 647 4104 finiti
658 4073 731 4117 punc·
764 4058 866 4116 spatium
875 4055 967 4104 infinitis
975 4070 1072 4115 parrum
1083 4051 1181 4100 secundi
1196 4053 1283 4099 ordinis
1296 4050 1387 4100 induite

109 4136 162 4173 tum
178 4125 298 4172 clasticum
315 4123 421 4186 urgentis
430 4123 467 4170 rei
478 4122 642 4182 peractionem
658 4121 732 4168 conti-
764 4136 835 4181 parvo
854 4130 957 4179 tempora
975 4133 1003 4165 ex
1022 4118 1096 4178 spatio
1116 4117 1139 4164 A
1155 4132 1171 4162 a
1186 4115 1267 4163 eodem
1283 4125 1387 4177 tempore

110 4198 207 4237 nuaram
218 4189 252 4234 ris
263 4185 383 4246 repulsiue
393 4195 533 4246 punctorum
549 4185 695 4232 elasticortrm
712 4185 731 4231 si
764 4183 880 4244 descripto
890 4183 1042 4238 detraherent,
1058 4189 1163 4227 maneret
1173 4179 1251 4242 itaque
1261 4178 1331 4237 idem,
1347 4195 1387 4226 ve-

109 4257 140 4302 ab
151 4253 199 4300 unci
209 4263 275 4313 parte
284 4249 365 4297 fortior
375 4251 405 4297 ait
415 4249 485 4312 quint
495 4252 525 4297 ab
536 4247 589 4295 aiiii.
620 4249 732 4310 Reimuas
763 4249 846 4296 locitas
876 4262 933 4310 ergo
944 4246 1024 4306 puncti
1034 4247 1058 4292 A
1067 4259 1114 4290 nou
1122 4243 1251 4290 mutabitur
1259 4259 1287 4290 er
1296 4243 1387 4293 actions

109 4333 191 4364 causas
201 4326 287 4369 motus,
299 4323 326 4360 ut
336 4317 479 4377 gravitatem,
491 4314 549 4361 vires
556 4311 675 4370 centrales,
687 4315 729 4360 Ac.
763 4312 870 4358 omnium
881 4322 1019 4370 punctorum
1027 4307 1097 4355 medii
1105 4305 1201 4362 cloud,
1213 4305 1258 4351 nisi
1268 4316 1321 4367 post
1328 4317 1386 4356 tun-

108 4383 206 4428 hicnon
218 4379 397 4430 consideramus.
568 4409 574 4424 .,
753 4391 809 4436 =pus
823 4374 917 4421 iinitum
932 4384 957 4422 ot
971 4385 1093 4436 postquam
1108 4369 1173 4418 finita
1188 4369 1318 4433 quantitate
1333 4387 1387 4434 pro·

140 4451 165 4491 4.
182 4447 262 4492 Thecr.
280 4448 299 4489 1.
321 4441 345 4488 Si
357 4440 464 4489 velocitas
476 4441 540 4489 finita
549 4439 731 4503 quoinodocum.
764 4441 864 4487 cesserit.

108 4525 155 4572 que
167 4506 279 4554 excitetur
290 4507 315 4553 in
327 4517 414 4566 puncto
425 4506 525 4560 elsatico,
537 4505 651 4551 distantia
661 4504 734 4566 ejusa
797 4509 819 4552 7.
835 4505 907 4551 arnt.
917 4507 940 4550 8·
956 4500 982 4548 Si
989 4498 1162 4547 considerentur
1168 4498 1294 4546 innumera
1300 4508 1388 4560 puncta

108 4571 217 4634 pmximo
231 4579 319 4631 puncto
330 4585 410 4618 versus
419 4570 482 4631 quod
493 4577 599 4615 movetur
615 4569 734 4615 minuetur
765 4567 858 4616 elastioa
868 4565 949 4612 ordine
960 4565 984 4610 in
995 4561 1058 4609 lineri
1067 4564 1131 4610 recti
1138 4562 1220 4623 posita,
1232 4579 1275 4610 nec
1283 4561 1386 4609 attenda-

109 4635 176 4684 iiniti
186 4637 315 4697 quantitate
326 4643 451 4696 antequam
462 4634 487 4681 in
498 4633 587 4695 reliquo
598 4631 674 4678 medio
686 4631 733 4678 fuo-
766 4641 805 4679 tur
815 4631 845 4678 ad
855 4631 901 4677 alia
911 4645 964 4691 quae
973 4627 1156 4688 circumquiqne
1171 4627 1271 4675 solidum
1289 4624 1388 4685 spatium
1403 4663 1406 4668 .

109 4709 147 4746 tus
157 4700 189 4746 sit
199 4698 264 4746 ullus
273 4706 352 4746 motus
362 4698 456 4760 ulloque
472 4695 623 4756 compressio:
643 4695 689 4741 sint
702 4697 732 4753 A,
766 4695 919 4750 constituunt,
931 4693 951 4739 si
963 4689 1390 4752 unumreiooitatafinitiquicumque

110 4763 141 4821 B,
155 4765 186 4822 C,
205 4763 251 4810 tria
268 4771 356 4822 puncta
371 4761 443 4810 medii
461 4760 548 4810 elastici
561 4757 744 4822 'aquidisuatin
767 4773 796 4808 es
807 4758 878 4807 causi
892 4766 1011 4824 urgeatur,
1026 4770 1081 4819 quae
1095 4765 1205 4804 maatans
1215 4753 1240 4800 in
1251 4768 1280 4801 aa
1288 4763 1389 4809 manat,

718 4845 762 4894 ss
