3275 5650
276 440 353 495 ,με
598 411 936 497 Pnnosonnnn
958 427 1230 494 urrunnun
1303 428 1411 508 [nor.
1429 430 1579 498 dens.

290 604 465 688 pendentes
475 588 542 668 ¹sint
556 614 591 668 ut
605 616 746 687 tempore
761 601 989 665 oscillationum
1002 611 1149 678 totarum,
1176 601 1220 684 (†)
1233 612 1324 665 erunt
1341 600 1521 665 velocitates
1536 604 1595 668 ad.

290 714 422 778 invicem
436 713 469 774 in
484 710 798 795 correspondentibus
820 710 1048 775 oscdlstionum
1061 709 1213 793 partibus,
1236 720 1272 773 ut
1285 710 1366 773 vires
1380 710 1526 777 metrices
1543 724 1577 777 et

289 836 355 886 tota
384 821 608 885 oscillationum
637 832 777 903 tempora
807 818 924 882 directe
953 829 985 881 et
1013 818 1198 901 quantitates
1227 817 1366 880 muteriae
1394 808 1574 902 reciproci:

290 928 425 1013 ideoque
435 928 633 1013 ..quantitates
648 928 786 990 moterioe
800 940 837 989 ut
848 927 931 989 vires
946 935 977 988 et
991 922 1220 989 oscillationum
1243 938 1384 1011 tempora
1407 927 1523 991 directe*
1540 942 1575 993 et

287 1039 462 1101 velocitates
492 1037 661 1121 reciproce.
707 1038 746 1120 (t)
774 1036 838 1101 Sed
867 1034 1044 1099 velocitates
1067 1035 1225 1118 reciproce
1255 1046 1328 1098 sunt
1351 1046 1388 1098 ut
1417 1047 1570 1121 tempora,

254 1126 257 1133 .
286 1158 378 1230 atque
393 1144 465 1209 ideb
478 1158 619 1229 tempora
633 1144 749 1210 directe
765 1158 796 1209 et
810 1144 988 1209 velocitates
1010 1141 1168 1226 reciproce
1190 1156 1263 1208 sunt
1276 1155 1311 1208 ut
1326 1142 1475 1229 quadrata
1489 1158 1570 1211 tern-

285 1390 312 1429 ut
321 1380 430 1427 velocitas
440 1380 552 1442 aequisita
562 1380 587 1427 in
600 1380 621 1427 F
631 1390 666 1427 est
676 1379 705 1426 ad
717 1378 860 1426 velocitatem
870 1393 908 1425 ec-
940 1376 1007 1421 sitam
1019 1374 1044 1420 in
1062 1374 1085 1421 E
1101 1388 1150 1421 esse
1165 1372 1197 1421 ad
1208 1374 1351 1422 velocitatem
1362 1377 1497 1441 acquisitum
1507 1378 1532 1425 in
1543 1393 1566 1432 e,

283 1444 391 1507 quisitam
408 1444 460 1491 inf.
497 1444 542 1492 Sed
560 1444 671 1505 quoniam
687 1458 753 1491 arcus
773 1444 795 1489 E
809 1443 864 1490 Fet
874 1442 912 1488 ef
939 1439 964 1486 in
975 1438 1063 1485 ratione
1074 1438 1191 1497 reciprocis
1200 1448 1330 1497 temporum
1339 1440 1567 1501 quibusdescribun-

285 1510 307 1555 F
319 1509 342 1555 G
354 1518 377 1555 et
387 1508 400 1554 f
407 1524 425 1571 g
442 1517 497 1555 sunt
511 1508 601 1555 infinite
619 1506 684 1568 parvi
694 1517 718 1554 et
728 1506 836 1568 aequales,
853 1506 907 1553 uni-
939 1512 978 1549 tur
988 1516 1054 1549 mers
1066 1502 1089 1549 Ε
1103 1501 1130 1557 F,
1142 1510 1166 1548 et
1176 1518 1190 1549 e
1200 1503 1227 1560 ῖς
1238 1503 1288 1549 uec
1299 1502 1353 1550 verri
1362 1514 1467 1566 tempora
1476 1522 1526 1554 esse
1536 1514 1567 1553 ut

283 1572 387 1619 formiter
396 1572 493 1619 describi
504 1572 612 1619 censendi
628 1581 690 1628 sunt,
707 1580 731 1618 et
741 1582 845 1630 ternpore
854 1570 906 1631 qui-

282 1638 326 1683 bus
336 1636 496 1683 describrsntur
507 1645 575 1682 erunt
584 1636 610 1681 in
620 1635 708 1682 ratione
718 1634 834 1693 reciproci
844 1635 907 1681 velo·

284 1702 388 1755 citatum,
406 1698 504 1760 ideoque
520 1708 613 1759 tempus
631 1714 678 1761 quo
697 1700 832 1746 describitur
849 1698 872 1746 E
886 1699 906 1746 F

282 1764 354 1810 estad
366 1773 458 1823 tempus
464 1778 511 1824 quo
518 1762 653 1809 describitur
663 1762 701 1820 ef,
714 1762 854 1809 utvelocitss
861 1762 884 1807 in
892 1779 907 1810 e

281 1826 461 1874 sdvelocitatern
467 1828 492 1872 in
497 1827 528 1881 E.
533 1836 557 1873 et
563 1836 655 1887 ternpus
660 1842 707 1888 quo
713 1826 848 1873 describitur
855 1826 875 1873 F
882 1827 906 1875 G

280 1901 315 1937 est
322 1890 352 1937 ad
362 1900 454 1951 tempus
461 1906 508 1951 quo
514 1890 648 1938 describitur
659 1890 701 1964 fg,
708 1900 735 1936 ut
743 1888 850 1937 velocitas
859 1891 885 1935 in
895 1889 909 1936 f

280 1954 311 2000 sd
318 1954 461 2001 velocitatem
472 1955 497 1999 in
509 1954 534 2007 F.
547 1955 588 2001 &c
600 1954 640 2001 sed
647 1966 746 2001 rationes
756 1953 905 2000 velocitatum

279 2017 304 2065 in
315 2018 432 2074 Eete,in
443 2016 566 2073 Fetfidrc.
580 2016 905 2078 suntsemperaequalesinter

278 2082 663 2206 ttttttlttttttttttt
673 2097 729 2206 tt,
736 2080 841 2203 illl,
849 2091 904 2206 tt?

535 2181 546 2191 υ
655 2180 662 2202 ’
892 2172 903 2185 ι

278 2212 322 2255 bus
330 2208 429 2271 singulus
439 2219 514 2267 partes
524 2224 591 2255 arcus
602 2210 626 2255 D
640 2211 660 2257 C
671 2208 838 2265 describuntur,
847 2217 903 2255 sunt

277 2272 308 2317 ad
318 2282 422 2331 tempora
432 2272 516 2332 quibus
527 2273 729 2331 correspondentes
743 2278 820 2331 partes
835 2286 903 2319 srcus

277 2334 294 2381 d
305 2350 318 2380 c
328 2335 496 2391 describuntur,
508 2336 534 2381 in
544 2336 626 2381 eidem
636 2336 732 2392 ratione,
749 2349 805 2397 ergo
820 2350 902 2382 ornnes

277 2398 440 2445 antecedentes
451 2407 474 2444 et
484 2414 564 2445 omnes
575 2408 741 2461 consequentes
751 2398 899 2456 summsndo,

276 2461 356 2507 ornnia
365 2462 436 2507 simul
443 2472 547 2523 tempora
554 2464 639 2523 quibus
647 2472 812 2523 percurruntur
820 2478 901 2511 ornnes

275 2539 351 2585 partes
361 2540 428 2572 arcus
440 2526 464 2572 D
474 2527 501 2582 C,
513 2528 557 2573 hoc
568 2536 609 2583 eat,
621 2535 697 2573 toturn
708 2536 799 2586 tempus
809 2527 901 2573 oscilla·

197 2590 203 2603 ’
276 2589 345 2635 tionis
355 2604 396 2648 per
414 2590 481 2644 DC,
499 2599 534 2635 est
551 2589 582 2636 od
600 2590 679 2637 omnia
696 2601 800 2650 tempora
815 2591 901 2651 quibus

275 2662 350 2713 partes
360 2668 428 2699 arcus
437 2652 454 2698 d
464 2668 478 2699 c
488 2662 661 2713 percurruntur,
679 2655 722 2701 boc
737 2664 772 2701 est
781 2654 812 2701 sd
823 2664 901 2701 toturn

275 2725 367 2775 tempus
385 2715 535 2764 oscillationis
552 2732 594 2775 per
612 2716 652 2763 dc
670 2726 698 2763 ut
714 2726 807 2778 tempus
822 2732 899 2765 uuum

274 2795 321 2842 quo
331 2779 439 2843 quedam
449 2794 579 2840 pnaurcus
591 2781 617 2829 D
630 2781 650 2830 C
662 2782 812 2842 percurritur,
824 2782 899 2832 estad

273 2853 366 2904 tempus
375 2859 423 2906 quo
430 2860 483 2905 para
493 2843 672 2906 correspondens
682 2861 748 2892 arcus
759 2845 794 2893 dc
804 2862 898 2908 percur-

273 2909 339 2956 ritur.
376 2909 407 2964 Q.
419 2924 439 2955 e.
453 2909 477 2957 d.

305 3013 342 3076 (†)
356 3017 437 3064 Erunt
448 3017 572 3064 velocitates
582 3019 615 3064 ud
624 3018 721 3064 invicem
731 3019 757 3065 in
768 3031 898 3078 compren-

273 3079 378 3126 dtnta'bss
389 3081 555 3126 oscitationum
562 3081 677 3140 portibus,
690 3090 718 3128 ut
728 3083 784 3127 vires
794 3083 898 3127 motrices

274 3149 296 3187 et
307 3149 353 3188 toto
364 3143 532 3189 oscillationem
542 3151 643 3204 temporo
654 3144 735 3191 directi
746 3153 769 3190 et
778 3147 896 3205 quontita-

271 3212 304 3250 tes
314 3207 417 3250 materie
427 3203 545 3264 reciproce.
566 3209 578 3235 ⁸*
589 3205 627 3252 Ex
635 3206 829 3254 demonstratione
835 3217 896 3253 notoe

272 3265 394 3325 superioris
405 3266 478 3329 liquet
488 3269 619 3316 velocitates
630 3269 655 3315 in
666 3268 897 3330 correspondentibus

271 3330 374 3388 pertibus
383 3345 433 3380 esse
443 3346 525 3378 omnes
535 3333 560 3378 in
570 3332 652 3380 eidem
660 3334 755 3391 ratione,
762 3332 897 3395 idedqueut

272 3392 379 3440 velucitus
395 3395 505 3455 scquisite
515 3395 540 3442 in
558 3397 581 3444 E
600 3397 630 3444 sd
641 3398 785 3445 velocitatem
796 3396 894 3460 acquisi-

271 3464 318 3502 tam
336 3455 362 3502 in
377 3471 398 3514 e,
418 3459 458 3504 sed
477 3459 530 3506 cdrn
549 3475 616 3508 arcus
634 3462 659 3508 D
671 3461 694 3508 Ε
710 3470 733 3508 et
748 3461 788 3508 de
804 3461 895 3510 inante

270 3520 508 3580 psrvisuppooantur‚
519 3519 661 3570 censendum
669 3535 710 3582 est,
723 3525 781 3570 vires
788 3526 895 3573 motrices

270 3583 417 3631 uniformiter
427 3601 504 3648 egere,
520 3585 578 3632 dum
589 3586 623 3632 illi
634 3603 701 3634 arcus
711 3598 893 3648 percurruntur;

269 3655 347 3694 motus
357 3663 414 3710 ergo
424 3665 465 3709 per
475 3665 514 3696 ess
524 3650 649 3710 productus
657 3662 742 3698 crescet
753 3661 800 3698 torn
809 3668 893 3712 prora-

269 3711 333 3758 tione
343 3711 427 3759 virium
438 3714 540 3772 ipsarum
553 3713 623 3776 qua'un
634 3730 676 3776 pro
686 3717 774 3762 ratione
784 3717 894 3777 temporis

268 3789 315 3836 quo
322 3790 388 3822 urcus
395 3776 429 3822 illi
440 3776 601 3825 describuntur
611 3779 659 3826 sive
670 3780 710 3842 (ex
718 3779 891 3842 demonstratis)

268 3853 310 3898 pro
320 3839 408 3888 ratione
419 3849 551 3900 temporum
559 3842 729 3890 oscillationum
739 3843 890 3908 integrarum,

268 3913 345 3952 motus
356 3901 446 3952 verder
456 3905 512 3952 Des.
524 3911 546 3952 2.
558 3906 611 3954 Lib.
626 3907 647 3953 Ι.
661 3907 788 3954 estimatur
796 3923 810 3955 a
819 3909 891 3956 Nev-

267 3974 323 4014 tono
338 3982 367 4014 ex
383 3967 502 4016 velocitate
518 3978 542 4016 et
556 3969 652 4017 materiis
668 3971 817 4034 conjunctim,
834 3988 891 4037 ergo
946 4014 951 4029 ,

266 4031 397 4080 velocitates
406 4032 525 4092 producte
535 4033 560 4078 in
571 4037 795 4096 conespoodmts'bss
803 4039 890 4085 moilla·

266 4097 357 4144 tionum
372 4099 478 4157 partibus
494 4106 563 4146 erum
574 4107 601 4146 ut
616 4101 674 4151 vires
689 4102 793 4148 nwtrs'oes
803 4111 826 4148 et
842 4110 890 4149 toto

265 4161 432 4208 ominationem
447 4171 549 4223 temporo
564 4164 647 4210 dircen
656 4172 678 4210 et
688 4167 828 4227 quantitates
838 4182 890 4214 nso·

264 4223 328 4269 deri,
337 4226 430 4272 iuml&-
982 4223 986 4230 Ι

292 4319 337 4428 ἒς)
347 4325 361 4352 ‘
370 4325 413 4370 Sed
423 4325 546 4374 mamam
553 4335 609 4375 surse
615 4329 729 4390 reciprooe
738 4337 766 4376 ut
775 4339 884 4392 tempora.

265 4379 278 4411 ⁸
316 4397 331 4427 x
342 4382 502 4434 demonstratis
517 4390 559 4453 (ad
575 4398 654 4437 notam
669 4392 809 4451 superiorem
822 4393 841 4456 Ι)
857 4395 886 4441 li-

263 4453 319 4506 quet
335 4447 478 4496 velocitatem
488 4452 622 4515 ecquintam
632 4455 657 4500 in
670 4453 751 4502 nese
761 4455 791 4502 ad
801 4457 886 4506 reloci-
918 4473 1022 4526 cmpos.

263 4513 335 4556 tatem
350 4513 484 4586 acquisitam
500 4515 525 4561 in
541 4532 555 4562 e
571 4527 598 4564 ut
614 4518 721 4564 velocitas
736 4519 847 4581 aequisita
860 4522 886 4569 in
911 4520 975 4591 'aequ

262 4583 351 4648 puncto
361 4589 442 4635 quovis
452 4591 518 4624 arcus
536 4581 595 4629 DC
612 4581 642 4628 sd
653 4583 796 4633 velocitatem
808 4586 886 4647 aoqrd-
957 4593 964 4604 '

262 4643 330 4684 'artam
349 4638 374 4684 in
392 4649 477 4700 puncto
496 4645 684 4704 correspondenti
700 4661 767 4694 arcus
783 4647 837 4706 dc3
856 4663 886 4696 er

261 4699 343 4750 eidem
354 4701 548 4772 demonstratione
563 4705 637 4770 llquet
652 4709 796 4759 velocitatem
807 4714 886 4776 scqui-
