3275 5650
1 429 4 440 '
91 439 206 503 Linea
221 438 387 519 sicum]
419 436 658 505 PRINCIPIA
681 438 1051 509 MATHEMATICA.

298 732 580 799 PROPOSITIO
603 732 733 801 XXVI.
778 734 1049 803 THDOREMA
1071 735 1171 802 XXI.

91 934 257 1015 capones
266 932 550 1016 fisnrpendtdorum,
573 930 677 1013 quibus
690 932 841 994 resistitur
854 932 888 993 in
902 932 1022 993 ratione
1038 932 1233 1007 velocitatem,
1256 934 1374 996 oscilla·

456 1039 552 1101 tiones
567 1039 600 1100 in
614 1038 745 1121 cycloide
758 1046 827 1100 sunt
839 1036 1011 1099 isocironoe.

208 1179 220 1205 0

132 1232 173 1313 (¹)
191 1230 274 1293 Nam
297 1231 324 1293 si
349 1250 480 1313 corpora
502 1228 579 1306 duo,
604 1250 624 1293 a
645 1229 759 1293 centris
785 1229 1025 1313 suspensionum
1045 1229 1208 1315 equtlter
1229 1231 1374 1298 distantia

86 1338 262 1401 oscillando
276 1337 452 1403 describant
466 1358 557 1403 arcus
579 1338 758 1424 inaequales,
781 1352 813 1407 et
834 1339 1009 1404 velocitates
1031 1338 1064 1403 in
1086 1362 1214 1403 monum
1234 1341 1374 1424 parabus

86 1442 403 1527 correspondentibus
426 1443 487 1507 sint
501 1442 541 1507 ad
556 1444 688 1509 invicem
702 1456 737 1507 ut
751 1466 841 1509 arcus
863 1445 937 1521 toti3
960 1444 1142 1509 resistentia
1163 1444 1375 1509 velocitatibus

85 1550 347 1635 proportionales,
372 1563 463 1615 erunt
484 1552 577 1615 etiam
599 1551 639 1615 ad
661 1552 793 1616 invicem
807 1566 843 1616 ut
856 1553 949 1617 iidem
966 1577 1065 1618 arcus.
1111 1553 1248 1618 Proinde
1263 1556 1288 1618 si
1303 1555 1375 1617 viri-

87 1658 145 1723 bus
158 1656 343 1721 matricibus
358 1678 377 1719 a
391 1658 542 1743 gravitate
558 1657 708 1735 oriundis,
731 1682 801 1744 quae
824 1660 886 1723 sint
907 1673 942 1722 ut
961 1660 1056 1750 iidem
1072 1682 1172 1738 arcus,
1197 1660 1376 1725 auferantur
1445 1678 1451 1690 ·

88 1764 138 1828 vel
150 1764 307 1828 addantur
320 1765 371 1829 hae
386 1766 580 1844 resistentiae,
606 1782 697 1831 erunt
718 1768 899 1832 differentia
921 1770 971 1835 vel
993 1792 1121 1834 summae
1135 1772 1176 1835 ad
1190 1771 1322 1834 invicem
1343 1773 1376 1834 in

2 1882 7 1890 “
89 1873 198 1938 eidem
212 1862 342 1937 menum
364 1875 500 1940 ratione:
525 1898 659 1962 cumque
679 1876 877 1943 velocitatum
897 1879 1088 1943 incrementa
1108 1880 1156 1943 vel
1179 1880 1377 1946 decrementa

89 1980 149 2043 sint
163 1993 199 2045 ut
212 1980 264 2045 hee
278 1980 462 2046 differentiae
476 1982 525 2047 vel
540 2004 678 2060 summae,
695 1983 872 2049 velocitates
884 2006 1005 2069 semper
1019 1996 1111 2049 erunt
1132 1996 1168 2047 nt
1189 2006 1279 2047 arcus
1301 1985 1375 2048 totis

89 2086 183 2173 igitur
197 2086 386 2164 velocitates,
403 2088 430 2150 si
445 2089 554 2151 sintin
568 2088 673 2177 aliquo
688 2110 760 2153 casu
774 2101 809 2153 ut
824 2112 914 2153 arcus
930 2090 997 2167 toti,
1012 2090 1184 2153 manebunt
1198 2112 1322 2173 semper
1342 2091 1376 2151 in

88 2192 197 2257 eidem
211 2194 342 2257 ratione.
389 2193 452 2258 Sed
466 2194 499 2257 in
512 2195 668 2280 principio
681 2208 794 2272 motus,
818 2209 853 2259 ut
867 2217 1001 2281 corpora
1021 2194 1173 2279 incipiunt
1187 2194 1377 2260 descendere

89 2314 119 2363 et
132 2322 224 2363 arcus
239 2300 308 2363 illos
327 2290 514 2379 describere,
537 2302 628 2379 vires,
654 2324 726 2367 cum
741 2303 803 2367 sint
818 2304 951 2367 arcubus
972 2303 1229 2389 proportionales,
1245 2325 1372 2389 genera-

88 2407 165 2471 bunt
177 2407 357 2472 velocitates
372 2408 506 2473 arcubus
528 2409 786 2494 proportionales.
816 2411 919 2497 .Ergo
941 2411 1119 2475 velocitates
1142 2433 1265 2495 semper
1286 2424 1380 2475 erunt

87 2525 121 2576 ut
146 2534 238 2577 arcus
264 2515 321 2577 toti
350 2515 557 2594 describendi,
588 2526 620 2579 et
644 2528 809 2603 propterea
838 2520 929 2581 mous
958 2517 1004 2579 illi
1032 2517 1124 2581 simul
1153 2516 1377 2583 describentur.

91 2620 131 2695 Q.
149 2643 174 2683 e.
193 2620 224 2684 d.
1071 2629 1073 2638 '

117 2812 153 2876 (Υ)
167 2816 180 2844 ⁸
194 2816 263 2862 Nam
278 2816 403 2878 sicoqicro
416 2819 470 2870 duo,
491 2816 593 2878 exempli
608 2816 678 2868 causi
694 2818 718 2868 B
752 2821 853 2868 simules.
889 2816 958 2865 Vires
973 2816 1054 2881 igitur,
1074 2827 1098 2866 et
1113 2816 1253 2872 velocitates,
1273 2827 1297 2865 et
1312 2832 1381 2866 meus

87 2886 108 2924 et
120 2877 151 2932 D.
172 2895 188 2924 a
203 2889 283 2926 ceretro
300 2881 456 2940 suspensionis
470 2884 590 2943 aqualiter
601 2883 717 2940 distortio,
752 2882 868 2944 descripti,
887 2897 915 2929 ac
930 2881 1027 2942 proinde
1043 2891 1067 2929 et
1082 2897 1150 2928 arcus
1160 2881 1312 2938 describendi,
1329 2897 1380 2928 ma·

87 2944 210 2990 noliondo
220 2945 349 2990 describant
365 2959 433 2992 arctes
444 2945 569 3006 inequales
586 2945 640 2999 Ba,
660 2945 685 2993 D
697 2962 717 3002 e,
751 2955 809 2992 nent
828 2961 919 3006 semper
934 2945 960 2991 in
981 2944 1036 2992 dati
1055 2945 1151 2992 radone.
1187 2947 1268 3000 Quare
1284 2960 1380 3004 corpora

86 3014 106 3052 et
116 3008 243 3054 sebeuntes
257 3009 282 3054 iss
298 3023 400 3054 arcuum
407 3010 515 3068 portibus
525 3013 719 3070 ewresporsdents'·
751 3009 800 3056 duo
811 3008 882 3056 simin
893 3009 1031 3070 perveniunt
1046 3008 1076 3055 sd
1091 3018 1207 3069 punctum
1222 3008 1331 3055 infimum
1344 3009 1380 3066 c;

85 3070 134 3124 bus,
147 3085 189 3116 seu
201 3069 227 3115 in
239 3085 338 3117 arcuum
351 3071 373 3117 B
385 3086 406 3128 a,
420 3070 445 3118 D
455 3087 468 3117 e
478 3071 652 3132 quadrantibus,
664 3089 717 3133 par·
749 3083 773 3120 et
788 3073 871 3120 eodem
886 3072 959 3120 modo
976 3075 1088 3133 probatur
1102 3072 1167 3135 quod
1182 3087 1249 3120 arcus
1260 3073 1281 3119 C
1292 3087 1314 3129 s,
1334 3072 1381 3119 Ca

86 3133 147 3180 tibin
161 3133 246 3190 tertiis,
267 3135 317 3188 isc..
336 3136 383 3182 sint
398 3138 429 3182 od
445 3137 542 3184 inuicem
550 3147 580 3200 stt
591 3154 660 3184 ursus
676 3139 718 3186 toti
750 3136 823 3184 simul
833 3136 970 3184 describant.

87 3195 146 3254 Ba,
170 3198 197 3244 D
215 3213 242 3245 e:
268 3201 399 3246 redeuntia
419 3201 571 3248 uelocitatihus
590 3206 716 3262 propertio·
782 3204 905 3249 Schetium.
931 3199 1199 3248 Nertonusindusbus
1211 3197 1379 3259 Propositioni-

85 3263 156 3318 solu,
175 3271 249 3309 erunt
268 3264 334 3308 niam
351 3265 382 3320 oti
397 3265 494 3312 inanem
510 3272 537 3311 at
552 3265 621 3312 iidem
637 3282 714 3312 orcus.
750 3267 796 3312 bus
807 3263 993 3324 precedentibus
1004 3265 1105 3312 ostendit
1120 3263 1247 3324 cycloidem
1262 3279 1312 3310 esse
1327 3277 1381 3309 cur-

87 3327 187 3372 Prsn'nde
198 3327 220 3374 si
227 3327 313 3374 risibus
323 3329 456 3374 matricibus
467 3344 481 3373 o
490 3329 604 3390 mvitote
614 3330 717 3376 manat
752 3343 807 3374 vam
817 3329 971 3383 iscchrouam,
993 3331 1074 3389 (quarn
1090 3328 1130 3374 alii
1146 3328 1323 3374 tautochronam
1338 3342 1380 3387 ap·

87 3388 232 3450 (secundum
248 3399 370 3452 tangentes
387 3389 497 3450 cycloidis
512 3391 647 3452 agentibus)
664 3409 718 3454 quo
750 3390 862 3452 pellant)
874 3407 921 3438 non
938 3389 1030 3438 tanturn
1046 3391 1071 3437 in
1089 3390 1167 3438 medio
1186 3405 1234 3437 non
1251 3391 1379 3445 metente,

85 3455 131 3500 sias
141 3461 169 3500 ut
180 3456 251 3500 iidem
268 3470 337 3502 orcus
356 3453 377 3500 B
390 3470 412 3510 s,
431 3453 456 3501 D
468 3469 488 3511 e,
505 3455 645 3518 crismentur
660 3455 720 3502 dum
751 3455 793 3502 sed
803 3455 873 3502 etiam
883 3455 910 3504 in
920 3452 998 3502 medio
1005 3455 1068 3516 quod
1074 3453 1100 3501 in
1110 3454 1198 3501 radone
1205 3463 1381 3502 momentorum

86 3531 172 3578 corpus
200 3515 328 3572 descendit,
356 3519 390 3564 oei
412 3521 530 3566 addantur
552 3519 610 3565 dum
637 3534 722 3580 corpus
754 3519 871 3580 temporis,
892 3517 1113 3580 etiamedioquod
1124 3518 1213 3566 ratione
1228 3519 1327 3581 simplici
1341 3533 1382 3565 rc·

86 3577 199 3635 ascendit,
221 3583 257 3627 ltae
276 3583 423 3637 resistentie,-
443 3591 513 3632 erant
534 3585 670 3648 differesttioe
686 3586 722 3631 vel
753 3581 855 3630 locitatis
870 3583 970 3641 resistit;
989 3597 1070 3630 rerum
1086 3598 1195 3645 quanam
1210 3583 1240 3630 sit
1255 3597 1326 3630 curva
1340 3581 1382 3629 illa

85 3659 187 3694 mss
203 3645 343 3694 adinvicem
358 3649 384 3693 irs
399 3643 479 3694 sidem
495 3663 596 3696 arcuum
614 3650 718 3698 reticete.-
752 3648 905 3694 tautocbrona
915 3648 939 3695 in
951 3646 1072 3708 hypothesi
1082 3646 1216 3693 resistentia
1232 3646 1381 3694 velocitstum

84 3721 186 3770 unque
198 3709 344 3756 sciscitatum
361 3711 503 3758 incrementa
520 3712 555 3758 vel
570 3714 719 3769 decremento,
752 3711 865 3772 quadrato
883 3710 1059 3772 proportionalis
1077 3725 1126 3756 non
1144 3710 1238 3756 indicat.
1274 3709 1380 3770 Elegan-

65 3767 141 3829 (dato
153 3771 267 3832 temporis
279 3781 398 3818 momento
409 3773 495 3838 genitu,
512 3776 556 3822 sint
569 3784 597 3822 at
607 3779 642 3822 tae
654 3773 721 3838 differ·
753 3775 851 3822 tissimus
868 3775 967 3837 hujusce
984 3773 1138 3821 Problematis
1154 3772 1281 3819 solutiones
1297 3771 1381 3818 dedere

67 3836 171 3896 'frantia
181 3837 218 3886 usl
228 3849 327 3883 summes
332 3837 403 3946 Ι818),
420 3840 544 3886 velocitates
555 3853 640 3900 seraper
650 3847 720 3886 aaut
753 3837 894 3884 celeberrimi
902 3837 1059 3884 mathematici
1067 3836 1170 3883 Eulems
1177 3835 1296 3882 Tom.1V.
1303 3833 1377 3880 Acad.

84 3907 114 3948 stt
124 3916 198 3946 orcus
209 3902 250 3946 toti
263 3899 285 3946 B
296 3915 319 3956 a,
370 3915 396 3946 e:
417 3903 488 3961 igitur
498 3903 629 3960 velocitates,
645 3905 665 3949 si
675 3905 721 3950 siut
754 3901 847 3960 Petrop.
862 3909 885 3947 et
897 3902 965 3947 Tom.
982 3901 1018 3948 ll.
1037 3900 1189 3955 Methanim
1201 3913 1292 3945 necnon
1303 3897 1376 3944 clar'n.

85 3963 110 4011 in
122 3965 205 4028 uliqw
218 3979 274 4010 cusu
285 3973 311 4012 ut
322 3980 393 4012 arcus
404 3967 452 4022 toti,
464 3967 589 4012 mombont
599 3981 686 4028 semper
697 3968 723 4014 ist
757 3963 907 4012 Bernoullius
923 3963 946 4010 in
959 3964 1122 4011 Monumentis
1135 3963 1208 4011 Acad.
1224 3963 1284 4024 neg.
1301 3961 1380 4008 Scien-

85 4024 170 4074 eadem
190 4029 288 4074 mane.
331 4031 377 4074 Sed
398 4031 423 4076 irs
440 4031 555 4090 principio
576 4028 657 4085 motis,
684 4031 724 4078 ubi
757 4027 845 4074 tiaram
858 4027 978 4076 Pariaan.
995 4033 1063 4076 1730.
1099 4026 1263 4076 Novsmviam
1273 4023 1380 4087 quictu-

85 4107 184 4154 corporo
195 4093 317 4154 irscips'wst
328 4107 341 4138 e
352 4090 411 4138 locis
423 4091 452 4146 B,
472 4093 498 4139 D
509 4094 641 4140 &strodere
651 4101 673 4140 et
683 4109 723 4140 ass-
757 4106 793 4138 vss
814 4093 974 4139 tautochronae
994 4090 1019 4138 in
1040 4091 1118 4140 medio
1139 4089 1241 4153 quolibet
1261 4089 1380 4136 resistme

84 4170 127 4203 eus
145 4155 196 4204 iilos
214 4153 237 4201 B
253 4171 275 4211 a,
296 4155 322 4202 D
334 4170 348 4202 e
359 4158 490 4211 desedere
510 4153 612 4218 idedque
630 4156 671 4204 ubi
687 4171 724 4202 re-
755 4153 845 4216 possint
857 4155 954 4202 inveniri
971 4156 1061 4218 aperuit
1078 4157 1110 4203 D.
1127 4155 1240 4203 Fontalne
1255 4153 1282 4200 in
1296 4153 1379 4201 iisdem

84 4218 194 4268 matis
205 4217 274 4267 nulla
283 4228 325 4276 est,
336 4221 395 4278 uires
406 4230 462 4270 sunt
472 4222 576 4270 arcubus
586 4221 621 4268 tut
628 4236 723 4282 propor-
756 4218 920 4268 Monumentis
929 4219 986 4267 anni
999 4225 1067 4269 tras.
