3275 5650
212 453 214 463 ·
239 420 320 487 '134
585 422 923 489 PHILOSOPHIAE
945 423 1215 489 NATURALIS
1262 425 1371 505 [Mor.
1384 425 1536 491 Conroru

302 599 399 675 δοκοῖ.
416 604 446 661 5.
493 595 631 661 Proinde
646 604 758 680 corpus
772 594 858 680 quod
872 595 1016 680 specifice
1029 597 1154 683 gravius
1169 607 1216 660 est
1231 596 1325 681 quam
1332 596 1465 661 fluidum
1479 597 1538 662 sibi

257 701 449 794 contiguum,
467 706 648 784 subsidebit,
665 719 696 770 et
711 707 795 792 quod
812 706 954 791 specifice
968 707 1066 770 levius
1081 720 1128 769 est
1142 706 1296 782 ascendet,
1312 705 1493 792 motuinque
1506 721 1539 771 et

255 819 366 904 figurae
388 816 591 881 mutationem
612 832 828 902 consequetur,
853 827 1003 901 quantum
1024 836 1167 878 excessus
1181 797 1296 877 illevel
1311 814 1449 878 defectus
1465 838 1539 901 gra·
1591 833 1593 836 ·

255 928 357 991 vitatis
372 926 493 990 efficere
507 926 615 1009 possit.
662 926 805 1010 Namque
826 947 969 988 excessus
990 924 1043 988 ille
1057 926 1106 989 vel
1120 924 1257 988 defectus
1277 926 1430 988 rationem
1443 925 1540 990 babet

213 1018 215 1027 ‚
255 1036 417 1120 impulsus,
434 1057 497 1121 quo
511 1056 635 1119 corpus,
659 1035 734 1119 alias
749 1041 781 1099 in
796 1034 971 1119 aequilibrio
985 1056 1056 1098 oum
1066 1034 1154 1098 fluidi
1168 1035 1308 1119 partibus
1324 1036 1536 1113 constitutum,

255 1158 402 1229 urgetur3
424 1155 456 1206 et
471 1142 644 1225 comparari
663 1153 766 1225 potest
780 1163 852 1205 oum
867 1162 997 1206 excessu
1018 1142 1068 1205 vel
1089 1141 1212 1206 defectu
1232 1141 1380 1225 ponderis
1395 1143 1427 1204 in
1449 1144 1538 1209 lance

256 1249 403 1313 alterutra
415 1249 513 1312 librae.
1196 1252 1198 1256 '

300 1362 396 1423 Corol.
413 1370 442 1425 6.
489 1360 667 1446 Corporum
681 1360 777 1447 igitur
791 1359 824 1423 in
834 1360 938 1424 fluidis
954 1361 1192 1426 constitutorum
1207 1360 1327 1445 duplex
1336 1371 1383 1424 est
1391 1361 1537 1447 gravitas,

254 1471 350 1534 altera
364 1494 438 1534 vera
453 1484 484 1533 et
498 1471 649 1547 absoluta,
666 1471 763 1533 altera
777 1493 940 1555 apparens,
964 1471 1100 1556 vulgaris
1115 1482 1147 1534 et
1162 1471 1380 1554 comparativa
1426 1470 1540 1534 Gravi-

254 1591 300 1640 tas
321 1576 462 1641 absoluta
477 1589 523 1640 est
538 1578 583 1640 vis
599 1589 664 1641 tota
679 1578 739 1662 qud
755 1598 868 1662 corpus
891 1578 1038 1641 deorsum
1059 1577 1176 1641 tendit:
1201 1578 1329 1641 relativa
1350 1590 1382 1640 et
1403 1576 1539 1663 vulgaris

253 1697 299 1749 est
324 1708 468 1751 excessus
490 1688 649 1775 gravitatis
672 1710 735 1773 quo
756 1709 869 1771 corpus
891 1673 989 1773 magis
1011 1686 1111 1750 tendit
1132 1686 1278 1749 deorsum
1300 1708 1394 1771 quam
1408 1686 1540 1747 fluidum

253 1793 402 1857 ambiens.
449 1794 567 1858 Prioris
582 1795 704 1881 generis
715 1794 867 1881 gravitate
882 1805 986 1877 partes
1000 1792 1170 1856 fluidorum
1179 1804 1210 1855 et
1219 1814 1386 1876 corporum
1400 1792 1540 1855 omnium

173 1936 176 1945 v
251 1903 408 1989 gravitmrt
423 1904 455 1965 in
470 1904 548 1969 locis
565 1904 646 1968 suis:
670 1904 804 1989 ideoque
820 1902 991 1987 conjunctis
1006 1902 1196 1986 ponderibus
1211 1912 1403 1984 componunt
1415 1900 1541 1983 pondus

252 2010 355 2073 totius
402 2011 486 2073 Nam
501 2023 601 2075 toturn
617 2034 709 2075 omne
723 2034 819 2098 grave
836 2023 892 2087 est,
916 2022 951 2074 ut
965 2010 998 2071 in
1012 2011 1093 2073 vasis
1108 2009 1264 2095 liquorum
1285 2009 1387 2092 plenis
1403 2009 1540 2093 experiri

252 2119 340 2195 licet;
365 2132 396 2184 et
410 2120 534 2204 pondus
549 2122 644 2185 totius
665 2122 785 2208 aequale
800 2133 848 2185 est
861 2119 1052 2204 ponderibus
1075 2120 1215 2181 omnium
1235 2119 1381 2203 partium,
1406 2116 1542 2201 ideoque

251 2248 290 2288 ex
302 2226 413 2289 iisdem
424 2228 632 2312 componitur.
678 2228 816 2291 Alterius
839 2226 964 2313 generis
985 2226 1137 2312 gravitate
1158 2246 1291 2309 corpora
1305 2247 1369 2287 non
1384 2224 1542 2309 gravitant

251 2334 283 2395 iu
307 2334 383 2397 loeis
408 2336 481 2414 suis,
513 2336 545 2399 id
571 2349 627 2414 est,
655 2338 736 2402 inter
758 2360 792 2401 se
814 2337 928 2399 collata
948 2357 1012 2398 non
1033 2348 1242 2420 praegravant,
1274 2334 1328 2397 sed
1358 2346 1482 2396 mutuos
1497 2334 1543 2396 ad

150 2424 158 2437 ⁸
250 2440 503 2506 descendendum
518 2457 647 2509 conatus
662 2444 863 2529 impedientia
877 2454 1061 2528 permanent
1074 2443 1109 2503 in
1123 2442 1199 2505 locis
1215 2440 1288 2516 suis,
1310 2440 1441 2526 perinde
1456 2461 1492 2501 ac
1509 2439 1538 2501 si

248 2549 356 2633 gravia
370 2571 434 2613 non
457 2563 569 2616 essent.
615 2553 698 2627 Quae
713 2552 744 2613 iu
761 2554 833 2615 aire
847 2563 921 2614 sunt
935 2562 967 2613 et
981 2572 1045 2611 non
1067 2553 1274 2634 praegravant,
1298 2546 1409 2633 vulgus
1430 2546 1543 2633 gravia

248 2677 312 2717 non
323 2657 453 2742 judicat.
500 2660 582 2735 Quae
597 2672 796 2747 praegravant
810 2659 921 2745 vulgus
935 2657 1043 2745 gravia
1052 2656 1182 2739 judicat,
1199 2655 1351 2741 quatenus
1365 2655 1444 2718 aeris
1459 2678 1542 2739 pon·

195 2801 204 2811 .
248 2764 323 2828 dere
337 2787 402 2830 non
418 2769 619 2834 sustinentur.
666 2770 812 2834 Pondere
828 2769 913 2856 vulgi
926 2767 1005 2831 nihil
1017 2766 1102 2830 aliud
1117 2779 1188 2830 suut
1202 2765 1296 2852 qudm
1317 2786 1462 2830 exoessus
1483 2788 1543 2830 ve·

247 2869 354 2939 rorum
368 2879 545 2962 ponderum
561 2903 656 2964 supra
669 2881 793 2964 pondus
808 2880 898 2943 aeris.
941 2878 1041 2942 Unde
1055 2890 1086 2940 et
1100 2876 1195 2964 vulgi>
1209 2875 1356 2940 dicuntur
1365 2876 1455 2951 levia,
1466 2897 1542 2960 quae

247 2993 320 3044 sunt
334 2984 436 3049 minus
451 2986 567 3072 gravia,
584 2987 710 3071 ae'rique
724 2977 934 3072 praegraianti
949 2968 1090 3048 cedendo
1105 2984 1266 3067 superiora
1279 2994 1404 3068 petunt.
1440 2984 1541 3047 Com-

245 3089 384 3170 parative
398 3090 479 3154 levia
496 3104 578 3168 sunt,
594 3113 659 3154 non
675 3092 758 3168 vere,
775 3092 849 3176 quia
863 3091 1057 3155 descendunt
1070 3091 1104 3153 in
1118 3113 1225 3155 vacuo.
1273 3091 1326 3157 Sic
1348 3105 1379 3155 et
1401 3092 1438 3153 in
1454 3091 1541 3176 aquia

246 3218 387 3280 corpora,
405 3221 476 3283 quae
488 3200 530 3263 ob
544 3185 694 3284 majorem
708 3200 758 3264 vel
772 3201 926 3265 minorem
945 3201 1128 3288 gravitatem
1142 3201 1334 3264 descendunt
1358 3200 1407 3263 vel
1428 3221 1541 3264 ascen-

245 3303 333 3380 dunt,
358 3320 431 3370 sunt
453 3309 662 3394 comparative
677 3323 709 3375 et
723 3322 910 3395 apparenter
930 3311 1038 3398 gravia
1054 3310 1103 3373 vel
1117 3310 1207 3386 levia,
1230 3322 1262 3372 et
1276 3331 1385 3373 eorum
1399 3311 1540 3396 gravitas

245 3412 293 3474 vel
315 3413 423 3478 levitas
446 3419 656 3512 comparativa
678 3432 709 3484 et
731 3441 886 3504 apparens
908 3432 955 3484 est
976 3441 1120 3484 excessus
1142 3419 1191 3482 vel
1213 3418 1351 3482 defectus
1376 3441 1439 3504 quo
1460 3442 1541 3484 vera

245 3544 353 3585 eorum
375 3525 509 3611 gravitas
525 3527 574 3591 vel
589 3541 714 3612 superat
734 3529 918 3616 gravitatem
940 3550 1039 3615 aquae,
1062 3528 1111 3592 vel
1126 3527 1166 3590 ab
1181 3526 1217 3590 eri
1232 3540 1404 3612 superatur.
1450 3529 1540 3604 Quae

244 3631 392 3728 verbpec
406 3636 633 3722 praegravando
648 3637 853 3715 descendunt,
877 3661 936 3703 nec
957 3637 1165 3724 praegravanti
1186 3637 1328 3701 cedendo
1349 3637 1538 3718 ascendunt,

244 3739 365 3802 etiamsi
380 3742 460 3804 veris
474 3743 537 3806 suis
551 3716 743 3828 ponderibus
756 3745 933 3834 adaugeant
946 3747 1070 3830 pondus
1085 3745 1189 3823 totius,
1206 3744 1414 3829 comparative
1425 3757 1539 3812 tamen

244 3848 321 3911 etin
337 3871 429 3914 sensu
451 3851 536 3938 vulgi
558 3873 622 3916 non
641 3853 799 3940 gravitant
813 3854 846 3916 in
861 3852 951 3939 aqua.
997 3852 1082 3918 Nam
1093 3853 1199 3917 similis
1214 3864 1261 3916 est
1273 3852 1387 3915 borum
1402 3874 1539 3918 casuum

242 3956 475 4022 demonstratio.

287 4068 384 4131 Corol.
402 4075 431 4136 7.
479 4067 562 4144 Quae
578 4069 617 4133 de
632 4071 783 4157 gravitate
805 4073 1068 4148 demonstrantur,
1095 4070 1236 4133 obtinent
1257 4069 1291 4132 iu
1311 4068 1379 4133 aliis
1402 4068 1538 4154 quibus·

244 4195 366 4258 cunque
380 4177 497 4242 viribus
512 4180 702 4265 centripetis.
1375 4152 1379 4171 ⁵

287 4285 386 4350 Corol.
404 4297 433 4350 8.
479 4287 617 4354 Proinde
632 4291 659 4355 si
673 4291 822 4369 medium,
835 4293 868 4355 in
883 4316 946 4378 quo
961 4314 1075 4377 corpus
1090 4291 1216 4377 aliquod
1237 4303 1389 4369 movetur,
1414 4312 1536 4376 urgea-

240 4403 292 4455 tur
306 4392 388 4472 velfla
402 4397 553 4480 gravitate
568 4401 706 4486 propria,
723 4403 773 4465 vel
788 4402 829 4466 ab
844 4403 903 4465 alia
920 4402 1104 4488 quacunque
1118 4403 1149 4465 vi
1164 4403 1344 4487 centripetri,
1367 4415 1399 4466 et
1413 4422 1536 4483 corpus

241 4503 280 4565 ab
296 4501 404 4566 eidem
419 4506 450 4566 vi
464 4522 612 4594 urgeatur
626 4512 753 4587 fortius3
781 4512 955 4577 differentia
969 4512 1081 4575 virium
1095 4525 1143 4577 est
1156 4513 1202 4577 vis
1217 4513 1270 4576 illa
1283 4513 1410 4589 motrix,
1432 4532 1535 4595 quam

239 4613 273 4676 in
296 4614 544 4698 praecedentibus
569 4621 842 4704 Propositionibus
866 4637 902 4687 ut
930 4625 992 4686 vim
1022 4625 1222 4708 centripetam
1253 4621 1534 4687 consideravimus.
