3275 5650
257 424 319 481 160
575 404 911 477 PHILOSOPHIAE
933 401 1203 502 RATURALIS
1256 399 1367 480 [Mor.
1378 398 1533 469 eureos.

258 582 341 660 ideo,
357 582 382 647 si
396 590 588 645 momentum
597 578 689 663 spatii
703 576 803 652 detur,
826 586 862 637 ut
876 573 908 637 V
921 610 963 625 —
979 572 1027 649 R3
1049 571 1083 635 id
1097 582 1154 647 est,
1176 570 1203 633 si
1215 591 1274 653 pro
1287 570 1319 632 vi
1333 566 1364 632 V
1379 569 1533 633 scribatur

258 692 323 775 ejus
342 709 501 771 exponens
523 686 550 751 P
566 682 632 749 IG
648 683 689 759 R,
712 693 744 747 et
764 680 938 745 resistentia
959 679 991 743 R
1012 690 1185 763 exponatur
1204 696 1262 760 per
1283 674 1376 739 aliam
1396 674 1533 761 aliquam

258 788 743 873 areamZ,utPIGR-Z.

305 906 406 993 Igitur
421 892 491 967 aiei
505 894 618 965 PIGR
814 886 816 889 ’

260 1036 317 1097 per
325 1013 468 1077 datorum
478 1030 618 1073 momen-

163 1186 164 1189 ,
259 1136 363 1189 torum
382 1120 619 1187 subductionem

262 1230 455 1295 uniformiter
495 1228 619 1294 decres-

260 1352 358 1416 cente,
383 1350 525 1403 crescunt
548 1360 620 1403 aree

261 1446 621 1511 YinrationePIGR

261 1592 305 1605 ·—
350 1599 359 1631 ,
383 1566 414 1621 et
427 1574 499 1620 area
521 1553 548 1617 Z
568 1574 618 1616 ra·
687 1590 695 1611 ,

261 1663 346 1727 tione
363 1660 422 1726 ΡΙ
438 1662 471 1725 G
484 1661 617 1725 R-Z.

263 1768 306 1833 Et
319 1780 484 1853 propterea
495 1769 522 1831 si
536 1786 619 1831 areae

262 1876 295 1941 Y
317 1889 348 1941 et
372 1878 401 1941 Z·
425 1874 517 1939 simul
541 1873 620 1937 inci-

260 1984 348 2067 piant
377 1992 409 2044 et
436 1980 494 2044 sub
529 1980 619 2043 initio

260 2088 395 2174 aequnles
414 2088 486 2162 sint,
510 2085 551 2168 (¹)
566 2084 617 2147 hoe

259 2192 619 2278 peradditionemoequa·

260 2302 337 2365 lium
391 2308 620 2361 momentorum

259 2419 393 2495 pergent
420 2429 487 2471 esso
511 2426 634 2491 tequa-¹

260 2519 317 2594 ree
337 2528 368 2581 et
381 2496 552 2600 equalibus
566 2513 617 2577 m-

260 2622 333 2685 dem
355 2620 519 2683 momentis
544 2618 617 2685 sub-
728 2602 729 2607 ἵ

259 2728 334 2793 inde
348 2728 561 2795 decrescentes
578 2726 618 2791 eie

262 2838 328 2901 mul
343 2845 534 2903 evanescent
577 2834 621 2900 Et

261 2946 406 3022 vicissim,
421 2945 449 3009 si
463 2941 555 3008 simul
573 2943 621 3016 in-

264 3055 383 3138 cipiunt
397 3065 429 3116 et
443 3050 534 3116 simul
551 3071 621 3113 eva-

263 3171 403 3244 nescunt,
420 3157 552 3244 aequalie
565 3155 622 3219 ha·
693 3184 696 3190 ·
729 3160 732 3165 ’
874 3237 878 3240 ⁴

261 3267 383 3332 bebunt
410 3274 568 3327 momenta
592 3272 624 3325 et
917 3296 929 3313 ι
982 3272 1007 3322 P
1096 3271 1164 3322 rlt
1218 3274 1251 3323 α
1346 3269 1380 3314 Μ
1438 3286 1442 3300 v
1490 3294 1496 3315 ,

259 3395 381 3458 semper
399 3383 490 3460 erunt
510 3393 615 3458 aequa-
1336 3380 1342 3390 ’

260 3482 323 3545 les:
338 3479 371 3543 id
384 3477 456 3542 ideb
471 3478 585 3563 quiesi
599 3475 771 3542 resistentia
786 3469 813 3535 Z
827 3475 986 3554 augeatur,
1001 3457 1147 3523 velocitas
1157 3452 1299 3519 unicum
1313 3476 1388 3519 arou
1401 3456 1455 3520 illo
1467 3457 1497 3522 C
1508 3481 1540 3537 a,

264 3588 316 3672 qui
331 3587 364 3648 in
379 3606 507 3650 ascensu
523 3583 660 3666 corporis
682 3577 875 3649 describitur,
897 3569 1104 3639 diminuetur3
1128 3575 1160 3626 et
1179 3572 1297 3644 puncto
1311 3562 1421 3648 inquo
1434 3577 1543 3630 motus

263 3697 362 3760 omnis
386 3693 449 3759 uni
474 3716 545 3759 cum
573 3687 744 3757 resistentie
769 3694 869 3750 cessat
895 3675 1024 3764 propius
1053 3670 1218 3736 accedente
1247 3668 1288 3732 ad
1315 3683 1466 3754 punctum
1497 3674 1541 3752 C,

199 3847 204 3877 ς
262 3807 300 3890 (³)
315 3801 488 3869 resistentia
498 3801 590 3865 ,citius
604 3806 766 3863 evanescet
780 3789 874 3879 quim
893 3807 967 3851 area
979 3781 1020 3846 Y.
1066 3779 1109 3844 Et
1130 3777 1319 3842 contrarium
1341 3780 1460 3845 eveniet
1481 3781 1544 3846 ubi

261 3911 434 3976 resistentia
448 3905 638 3970 diminuitur.

264 4086 305 4146 (ex
316 4080 389 4142 dem.)
401 4077 526 4126 velocitatis
532 4075 702 4123 incrementum
711 4067 885 4120 estutv-lt
916 4061 1004 4111 retz
1023 4055 1095 4134 simul
1111 4055 1223 4115 incipiant
1239 4062 1264 4102 et
1278 4051 1346 4102 initio
1364 4052 1465 4117 equale
1481 4054 1542 4114 sint,

263 4153 289 4192 et
307 4153 453 4192 momentum
473 4141 583 4201 temporie
603 4137 753 4201 conjunctim,
776 4131 885 4180 velocitas
915 4133 984 4173 eruut
999 4131 1075 4195 etmm‘
1085 4133 1144 4194 μου
1161 4118 1209 4164 ΡΙ
1222 4117 1245 4164 G
1259 4118 1324 4165 R—
1336 4118 1360 4164 Y
1374 4126 1398 4164 et
1414 4117 1437 4164 P
1448 4117 1462 4163 1
1474 4118 1498 4164 G
1513 4121 1542 4167 R

264 4215 343 4254 autem
352 4208 402 4266 ipss
411 4216 439 4253 ut
448 4205 617 4252 incrementum
628 4201 694 4262 spatii
704 4200 790 4247 directe
800 4204 824 4243 et
833 4208 884 4240 mo·
915 4216 947 4228 -
959 4190 978 4236 Ζ
989 4189 1033 4235 sub
1043 4181 1230 4242 muooequnien
1242 4190 1273 4238 et,
1284 4179 1399 4230 ⁰bd⁸um
1407 4181 1542 4229 inmm-

265 4280 370 4316 mentum
378 4269 486 4328 temporis
494 4266 596 4323 inverse3
608 4265 651 4311 erit
659 4279 687 4310 ex
695 4257 885 4325 aequ0,velocitsr
915 4262 994 4300 torum
1009 4261 1069 4296 aree
1080 4247 1103 4292 Y
1113 4253 1137 4290 et
1149 4259 1208 4318 aree
1226 4245 1245 4292 Z
1255 4244 1286 4291 ad
1298 4244 1320 4291 P
1332 4245 1345 4291 1
1360 4245 1383 4294 G
1396 4245 1420 4292 R
1430 4269 1462 4282 -
1474 4245 1497 4292 Y
1514 4256 1545 4295 et

236 4363 239 4374 ,
264 4333 290 4380 in
299 4345 370 4379 suurn
387 4333 557 4378 incrementum
566 4329 644 4385 ducta,
656 4336 684 4375 ut
696 4328 718 4374 V
729 4349 762 4364 -ι
775 4325 798 4370 R
809 4330 833 4368 et
848 4321 884 4366 in-
916 4317 939 4364 P
952 4317 966 4364 I
979 4315 1002 4361 G
1015 4314 1039 4359 R
1048 4335 1082 4349 -
1092 4309 1111 4355 Z
1129 4317 1251 4365 renonem,
1270 4306 1412 4356 incrementa
1426 4307 1466 4354 illi
1475 4307 1543 4360 ficut

264 4403 408 4442 crementum
416 4395 482 4454 spatii
492 4391 641 4458 conjunctim,
653 4392 678 4438 in
689 4387 736 4452 que
745 4387 834 4435 ratione
848 4392 884 4430 est
913 4393 938 4426 et
949 4379 970 4426 P
982 4377 996 4424 Ι
1010 4376 1033 4423 G
1045 4374 1070 4421 R
1079 4397 1113 4447 -ς
1123 4371 1147 4420 Y
1162 4386 1189 4447 ac
1205 4372 1228 4419 P
1240 4371 1291 4447 ¹9.
1305 4373 1368 4419 R-
1379 4373 1399 4420 Z
1410 4374 1545 4423 manebunt

264 4459 334 4506 etism
344 4458 512 4504 incrementum
522 4456 656 4504 resistentie
667 4458 706 4518 (ex
717 4450 796 4511 dem).
915 4455 1005 4502 semper
1023 4436 1127 4498 8908118»
1144 4445 1180 4509 uu
1197 4437 1241 4482 θιὼ
1257 4436 1332 4484 lmfio·
1370 4435 1450 4491 Qum
1466 4436 1544 4486 etim

297 4522 332 4586 (¹)
346 4525 359 4553 0
373 4524 419 4570 11ae
427 4538 469 4583 per
479 4525 615 4570 additionem
625 4521 749 4582 equalium
759 4519 884 4562 momento-
906 4521 973 4555 areae
985 4503 1008 4550 Y
1019 4511 1044 4549 at
1053 4501 1073 4547 Z
1084 4500 1210 4574 equalibus
1220 4499 1300 4548 itidem
1307 4500 1431 4548 momentis
1438 4500 1550 4550 subinde

264 4601 319 4636 rum
326 4594 423 4648 pergent
432 4601 477 4634 erre
487 4588 592 4650 aquator,
602 4584 645 4630 ec.
681 4581 743 4629 Cbm
751 4578 813 4626 enim
824 4589 885 4621 sem-
916 4570 1048 4618 decrescent
1058 4573 1082 4611 et
1092 4564 1161 4611 sunul
1172 4573 1315 4613 evanescent.

265 4643 691 4712 percrescatererYinratronePI
705 4640 887 4694 ort-met
949 4629 1542 4702 (yssfflmfflfflmywwdqwmms.

266 4709 711 4768 mznnmnerren-sn
729 4699 886 4768 euenire
916 4693 1150 4751 “emmer
1170 4691 1545 4754 rmumzmpequ..
