3275 5650
274 482 337 541 256
595 417 940 537 PHILOSOPHIAE¹
955 450 1227 529 NATURALIS
1283 458 1558 538 [Moneoneon.

755 904 937 980 SECTIO
961 902 1072 977 VIII.
1147 926 1152 937 ·

615 1117 676 1188 De
692 1123 785 1187 motu
795 1138 865 1209 per
864 1112 985 1208 fluido
994 1118 1202 1207 propagato.

468 1375 750 1445 PROPOSITIO
772 1376 866 1441 XLI.
910 1371 1182 1439 THEOREMA
1203 1369 1357 1437 XXXII.

273 1552 397 1615 Pressio
412 1571 472 1613 non
488 1558 681 1635 Μαζαίαν
689 1572 749 1631 per
756 1549 892 1636 fluidum
904 1550 1060 1613 secandum
1074 1547 1170 1610 lineos
1183 1554 1289 1624 rectas,
1311 1546 1374 1609 nisi
1386 1544 1439 1607 uhi
1451 1545 1557 1627 porti·

656 1662 731 1721 culae
739 1660 841 1745 fluidi
857 1660 890 1721 in
905 1660 1047 1721 directum
1058 1654 1174 1738 jacent.

320 1826 354 1892 Si
368 1828 496 1911 ¹jaceant
516 1827 676 1911 particulae
690 1850 719 1903 a,
734 1826 767 1903 b,
784 1848 811 1905 c,
827 1825 859 1903 d,
875 1848 893 1889 e
907 1824 940 1889 in
954 1822 1035 1888 lineri
1050 1820 1145 1900 recti,
1166 1831 1271 1905 potest
1291 1819 1415 1905 quidem
1434 1816 1556 1901 pressio

276 1932 391 1997 directe
412 1933 580 2019 propagari
600 1934 640 1996 ab
662 1956 682 1995 a
702 1932 742 1996 ad
764 1955 798 2009 e;
829 1944 861 1995 at
880 1931 1033 2017 particula
1053 1952 1072 1993 e
1092 1928 1218 2015 urgebit
1240 1926 1405 2011 particulas
1428 1919 1556 2008 oblique

275 2042 391 2127 positas
406 2038 464 2105 fet
477 2064 499 2129 g
513 2040 647 2126 oblique,
670 2052 702 2106 et
715 2041 876 2126 particulae
889 2039 952 2103 illae
965 2038 1023 2102 fet
1035 2058 1135 2125 gnon
1149 2035 1346 2101 sustinebunt
1363 2032 1557 2117 pressionem

275 2150 402 2227 illatam,
417 2153 477 2215 nisi
491 2152 657 2217 fulciantur
671 2175 690 2215 a
703 2150 862 2235 paniculis
883 2148 1081 2213 ulterioribus
1138 2143 1145 2175 s

275 2252 299 2315 h
321 2266 353 2317 et
373 2255 413 2330 k;
443 2254 594 2340 quitenus
613 2266 717 2319 autem
738 2253 916 2331 fiilciuntur,
938 2263 1085 2338 premunt

275 2360 443 2443 particulas
468 2361 630 2426 fulcientes
637 2385 646 2438 3
673 2375 704 2426 et
724 2361 776 2425 hae
799 2382 865 2424 non
890 2359 1085 2425 sustinebunt

276 2465 469 2549 pressionem
489 2467 550 2531 nisi
570 2467 736 2531 fulciantur
757 2467 796 2531 ab
815 2468 1012 2533 ulterioribus
1025 2468 1038 2530 l
1052 2478 1085 2531 et
1312 2529 1318 2540 ,

277 2594 310 2635 m
325 2594 437 2657 easque
450 2586 603 2657 premant,
620 2588 651 2641 et
662 2576 706 2639 sic
717 2576 863 2661 deinceps
874 2575 1083 2639 ininfinitum.
1153 2529 1309 2700 &⁸00
1327 2540 1375 2620 ἶ.

281 2681 410 2745 Pressio‘
426 2681 532 2769 igitur,
559 2686 808 2770 quamprimum
832 2698 1024 2773 propagatur
1044 2684 1084 2747 ad
1141 2673 1277 2774 0010*v

276 2790 446 2874 particulas
461 2814 532 2877 quae
545 2814 611 2858 non
624 2795 657 2858 in
671 2795 825 2861 directum
833 2797 947 2882 jacent,
971 2792 1083 2860 divari-
1159 2737 1281 2899 ΨΟ

278 2917 349 2960 care
364 2897 490 2980 incipiet
504 2909 536 2962 et
549 2900 674 2986 oblique
693 2901 916 2989 propagabitur
929 2903 963 2966 in
980 2902 1084 2966 infini-

279 3017 346 3070 tum
354 3028 364 3082 3
377 3017 411 3069 et
421 3019 588 3092 postquam
602 3008 848 3094 incipit-oblique
862 3009 1038 3096 propagari,
1061 3009 1088 3071 si

276 3113 425 3177 inciderit
441 3115 483 3178 ‘in
505 3116 671 3199 partIculas
695 3116 865 3194 ulteriores,
891 3139 963 3203 quaa
986 3139 1051 3180 uon
1075 3116 1109 3178 in
1130 3116 1285 3181 directum
1300 3113 1416 3199 jacent,
1447 3111 1562 3174 iterum

279 3218 476 3296 divaricabit3
499 3221 593 3307 ldque
615 3223 714 3300 toties,
741 3224 861 3308 quoties
880 3224 913 3288 in
933 3225 1099 3308 particulas
1119 3247 1184 3288 non
1197 3221 1342 3288 accurate
1355 3221 1388 3284 in
1403 3220 1558 3283 ditectum

275 3325 416 3420 jacentes
430 3326 580 3392 inciderit.
626 3328 668 3405 Q.
683 3352 710 3392 e.
726 3329 757 3393 d.

326 3435 424 3498 C'orol.
453 3438 487 3502 Si
500 3439 676 3523 pressioris,
693 3465 711 3503 a
724 3440 798 3506 dato
812 3451 929 3526 puncto
942 3463 999 3525 per
1012 3441 1144 3504 fluidum
1157 3449 1348 3525 propagatae,
1369 3456 1442 3519 pars
1457 3430 1559 3516 aliqua

283 3544 443 3608 obstaculo
457 3547 669 3632 intercipiatur
677 3573 685 3624 3
707 3572 780 3633 pars
794 3551 921 3635 reliqua,
943 3571 1012 3635 quae
1028 3571 1091 3611 non
1105 3547 1307 3631 intercipitur,
1329 3541 1513 3608 divaricabit
1526 3540 1559 3604 in

281 3649 379 3734 spatia
406 3673 497 3734 pone·
513 3654 720 3718 obstaculum.
763 3655 804 3719 Id
829 3655 913 3740 quod
942 3656 986 3718 sic
1014 3654 1107 3718 etiam
1135 3652 1343 3718 demonstrari
1369 3659 1484 3742 potest.
1529 3647 1559 3710 A

174 3777 179 3788 ·
280 3772 398 3843 puncto
408 3762 637 3851 Apropagetur
645 3765 764 3848 pressio
776 3764 1031 3851 qualqudversum,
1044 3763 1137 3849 idque
1152 3764 1179 3826 si
1193 3761 1261 3826 fieri
1275 3770 1378 3844 potest
1388 3755 1563 3820 secundum

281 3869 379 3933 lineas
401 3884 510 3949 rectas,
536 3886 566 3936 et
588 3874 748 3937 obstaculo
770 3875 803 3939 N
819 3875 848 3938 B
865 3874 892 3937 C
909 3873 942 3936 K
962 3871 1120 3954 perforato
1133 3872 1167 3933 iu
1183 3871 1212 3934 B
1229 3869 1267 3946 C,
1290 3865 1503 3949 Intercipiatur
1524 3883 1565 3927 ea

283 3976 395 4052 omnis,
422 3989 537 4059 praeter
558 3991 678 4061 partem
700 3980 901 4044 conisormem
923 3978 954 4043 A
970 3978 998 4042 P
1013 3979 1055 4055 Q,
1080 4001 1150 4063 quae
1170 3999 1227 4060 per
1249 3975 1389 4038 foramen
1410 3971 1562 4035 circulare

283 4081 311 4143 B
329 4081 356 4144 C
378 4083 496 4146 transit.
542 4083 648 4147 Planis
668 4088 849 4151 transversis
867 4087 931 4163 de,
946 4085 1003 4173 fg,
1018 4086 1067 4148 hi
1086 4085 1293 4171 distinguatur
1314 4104 1412 4146 conus
1436 4077 1562 4154 APQ
1621 4076 1632 4095 '

281 4186 315 4248 in
328 4186 443 4264 frusta3
468 4201 500 4253 et
520 4189 639 4254 interea
660 4191 735 4254 dum
755 4215 851 4255 conus
867 4193 899 4255 A
914 4193 943 4255 B
959 4192 997 4268 C,
1019 4191 1211 4275 pressionem
1229 4187 1444 4274 propagando,
1468 4194 1562 4269 urget

281 4288 414 4353 frustum
428 4291 571 4355 conicum
586 4293 713 4356 ulterius
727 4294 749 4356 d
763 4317 780 4357 e
794 4317 816 4380 g
830 4295 849 4357 f
863 4295 896 4357 in
918 4295 1078 4378 superficie
1099 4294 1121 4357 d
1136 4317 1164 4370 e,
1192 4305 1223 4357 et
1244 4293 1305 4357 hoc
1319 4292 1451 4356 frustum
1469 4301 1562 4376 urget

281 4389 413 4458 frustum
426 4398 605 4479 proximum
619 4398 637 4461 f
645 4423 667 4485 g
681 4399 692 4462 i
706 4399 728 4462 h
743 4399 776 4462 in
790 4401 953 4483 superficie
967 4400 985 4461 f
991 4423 1023 4486 g,
1039 4411 1071 4463 et
1080 4399 1214 4467 frustum
1228 4399 1306 4462 illud
1321 4411 1412 4486 urget
1426 4398 1562 4460 frustum

281 4500 416 4580 tertium,
432 4515 463 4566 et
477 4505 522 4568 sic
536 4506 682 4590 deinceps
697 4506 729 4568 in
745 4507 918 4583 infinitum3
944 4505 1140 4570 manifestum
1161 4518 1208 4570 est
1230 4511 1299 4590 (per
1313 4504 1416 4569 motrls
1438 4505 1562 4590 Legem

282 4611 415 4692 tertiam)
438 4615 522 4697 quod
543 4615 673 4680 frustum
695 4617 831 4700 primum
851 4613 976 4701 (legs,
999 4615 1153 4680 reactiona
1174 4614 1264 4678 frusti
1284 4614 1414 4679 secundi
1435 4612 1453 4676 f
1460 4637 1483 4700 g
1495 4620 1507 4683 i
1521 4619 1558 4690 h,

282 4731 403 4784 tantum
417 4720 576 4807 urgebitur
590 4735 621 4785 et
635 4736 793 4805 premetur
814 4723 847 4784 in
868 4722 1060 4806 superficies
1066 4745 1099 4808 g,
1121 4732 1272 4806 quantum
1293 4732 1385 4806 urget
1398 4731 1430 4783 ct
1443 4718 1562 4804 premit
1633 4736 1634 4765 l
