3275 5650
262 454 323 511 150
568 443 910 512 ruruosorrrrm
931 440 1205 512 naruarms
1256 443 1542 523 tuncorsos.
1596 399 1598 411 ’

301 621 399 683 Corol.
416 618 451 683 5.
473 618 520 700 (¹¹¹)
531 618 574 681 Et
584 612 807 693 universaliter,
825 617 978 703 quantitas
993 616 1132 680 materiae
1146 614 1292 699 peudulae
1307 626 1355 678 est
1367 626 1404 678 ut
1416 615 1544 700 pondus

256 735 288 789 et
302 720 488 811 quadratum
503 708 650 806 temporis
665 722 791 799 directe,
809 735 841 787 et
854 722 1162 809 longitudopenduli
1176 720 1307 784 inverse.

302 836 399 897 Corol.
416 842 446 897 6.
480 831 543 897 Sed
558 844 589 895 et
603 852 636 894 rn
650 833 755 897 medio
769 855 835 896 non
849 833 1011 897 resistente
1025 835 1179 919 quantitas
1193 832 1332 895 materiae
1340 829 1488 915 pendulas
1498 840 1547 894 est
1559 829 1573 855 ⁰

253 950 289 1003 ut
303 938 425 1023 pondus
441 938 734 1020 comparativumxet
749 936 936 1024 quadratum
949 940 1097 1022 temporis
1111 937 1228 1003 directi
1243 949 1276 1003 et
1289 937 1453 1024 longitudo
1466 958 1547 1020 peu·

254 1044 321 1108 duli
329 1040 465 1107 inverse.
511 1042 594 1105 Nam
608 1044 731 1128 pondus
746 1046 993 1130 comparativum
1006 1057 1052 1109 est
1065 1046 1112 1109 ris
1126 1046 1242 1110 motrix
1261 1047 1401 1129 corporis
1413 1046 1457 1107 'iu
1472 1066 1540 1108 me-

255 1150 308 1215 dio
322 1150 430 1236 quovis
445 1150 542 1235 gravi,
560 1152 599 1233 (¹²)
616 1162 651 1213 ut
666 1173 760 1236 supra
775 1152 911 1235 explicui
919 1176 928 1227 ;
944 1151 1077 1236 ideoque
1091 1150 1176 1215 idem
1190 1162 1320 1236 praestat
1332 1151 1367 1212 iu
1376 1149 1545 1213 talimedio

254 1282 317 1322 non
333 1261 492 1323 resistente
507 1272 600 1344 atque
613 1262 737 1343 pondus
752 1262 929 1329 absolutum
942 1261 976 1320 in
990 1278 1098 1320 vacuo.

299 1368 397 1429 Corol.
414 1372 443 1433 7.
492 1366 531 1450 (⁰)
549 1365 591 1429 Et
605 1365 679 1427 hinc
700 1365 799 1450 liquet
819 1364 899 1427 ratio
922 1376 989 1426 tum
1014 1363 1217 1447 comparandi
1240 1385 1372 1447 corpora
1393 1364 1478 1427 iuter
1499 1386 1550 1453 se,¹

213 1484 216 1490 “
255 1458 580 1557 quoadquantitatem
594 1472 731 1535 materiae
746 1472 779 1533 in
794 1469 925 1556 singulis
933 1492 943 1545 3
964 1480 1032 1532 tum
1046 1469 1248 1553 comparendi
1257 1470 1399 1553 pondera
1407 1470 1547 1555 ejusdem

255 1577 394 1659 corporis
419 1577 453 1639 in
478 1576 607 1639 diversis
632 1574 720 1653 locis,
749 1576 787 1660 (Ρ)
803 1574 844 1637 ad
867 1573 1115 1661 cognoscendam
1128 1570 1346 1638 .v'ariatiouem
1370 1576 1542 1661 gravitatis.

257 1682 364 1747 Factis
383 1695 487 1747 autem
506 1682 727 1765 experimentis
747 1703 842 1766 quam
862 1680 1098 1744 accuratissimis
1119 1680 1224 1743 inveni
1245 1702 1369 1764 semper
1389 1683 1547 1765 quantita-

254 1802 319 1853 tem
334 1791 472 1855 materiae
486 1790 520 1854 iu
534 1790 717 1878 corporibus
732 1770 861 1880 singulis
877 1810 985 1856 eorum
998 1788 1132 1876 ponderi
1140 1789 1405 1881 proportionalem
1420 1812 1497 1854 esse.

481 2083 763 2150 PROPOSITIO
787 2087 900 2150 XXV.
945 2087 1217 2153 THEOREMA
1244 2088 1325 2153 XX.

256 2276 608 2359 Corporafimependula
622 2276 735 2359 quibas,
752 2279 785 2337 in
799 2280 896 2340 medio
910 2280 1020 2359 quovis,
1037 2281 1188 2368 resistitur
1204 2283 1237 2343 in
1252 2282 1372 2344 ratione
1385 2288 1546 2352 incruento-

301 2404 366 2445 rum
380 2382 529 2463 temporis,
552 2392 581 2443 et
595 2403 721 2463 corpora
731 2382 947 2465 funependuia
963 2406 1029 2466 quse
1042 2388 1076 2447 in
1090 2385 1215 2466 rp‘usdem
1226 2389 1393 2469 gravitatis
1406 2388 1551 2467 specfficae

301 2493 479 2553 medionon
500 2492 655 2553 resistente
676 2501 838 2567 moventur,
866 2484 1065 2557 vacillationes
1087 2494 1121 2554 in
1142 2495 1272 2577 cycloide
1297 2497 1395 2557 eodem
1419 2504 1552 2577 tempore

291 2609 456 2682 peragunt,
473 2608 503 2661 et
517 2620 638 2661 arcuum
647 2609 755 2681 partes
765 2602 1009 2681 proportionales
1023 2604 1110 2665 simul
1125 2602 1301 2666 describunt.

302 2791 350 2856 Sit
365 2792 397 2855 A
413 2790 442 2854 Β
457 2782 604 2877 cycloidis
619 2813 722 2868 arcus,
739 2814 832 2877 quem
848 2814 963 2877 corpus
976 2795 1010 2858 D
1026 2806 1166 2879 tempore
1187 2796 1296 2883 quovis
1319 2797 1351 2860 in
1365 2798 1469 2864 medio
1483 2823 1551 2864 non

256 2899 417 2964 resistente
432 2893 601 2964 oscillando
617 2882 775 2964 describit.
824 2902 989 2966 Bisecetur
1003 2903 1086 2967 idern
1101 2905 1134 2966 in
1150 2906 1188 2981 C,
1204 2907 1247 2968 ita
1261 2919 1297 2968 ut
1313 2907 1340 2970 C
1355 2907 1392 2971 fit
1405 2909 1552 2973 infimum

258 3010 324 3093 ejus
343 3023 495 3094 punctum
504 3035 513 3088 3
541 3023 572 3075 et
587 3011 645 3074 erit
660 3012 706 3074 vis
723 3009 925 3075 acceleratrix
947 3011 1008 3097 quai
1031 3035 1142 3096 corpus
1165 3027 1294 3100 urgetur
1308 3017 1341 3078 in
1355 3017 1425 3080 loco
1440 3020 1553 3102 quovis

259 3200 285 3247 in
296 3200 400 3260 pendulo
409 3202 432 3248 Α
439 3201 526 3250 directe
536 3213 559 3250 et
568 3203 620 3266 ejus
629 3200 754 3268 longitudo
763 3206 853 3255 inverse
861 3209 892 3256 ad
922 3218 970 3259 tate
981 3220 1005 3260 et
1014 3214 1129 3277 elegantii
1144 3218 1240 3276 exponit
1254 3219 1281 3266 iu
1294 3219 1457 3269 Monumeutis
1470 3223 1550 3272 Acad-

260 3263 354 3322 pondus
365 3277 389 3310 et
399 3266 537 3326 quadratum
545 3269 658 3327 temporis
666 3270 763 3329 penduli
775 3273 794 3319 C
805 3272 892 3321 directe
927 3277 989 3340 Reg.
1002 3279 1086 3326 Sciant.
1100 3295 1137 3326 an.
1153 3285 1223 3330 17³5.

259 3335 282 3372 et
294 3326 344 3387 ejus
353 3325 527 3392 longitudinem
537 3330 633 3379 inverse.
673 3333 703 3388 Q.
718 3334 775 3382 ed.
794 3340 889 3385 unius*
954 3346 1007 3389 179.
1040 3344 1104 3397 Quia
1123 3346 1215 3392 numeri
1232 3347 1403 3395 oscillationum
1421 3350 1555 3413 equalibus

258 3391 359 3460 aliem,
396 3454 402 3466 ·
919 3405 1061 3464 temporibus
1077 3423 1091 3452 a
1110 3406 1204 3454 diversis
1224 3410 1333 3468 pendulis
1354 3414 1553 3463 absolvendarum

294 3453 365 3501 Unde
383 3470 403 3500 sr
420 3464 444 3502 et
459 3465 563 3516 tempora
583 3468 607 3506 et
625 3461 764 3523 quantitates
784 3464 888 3511 materie
921 3468 1103 3528 suntreciproct
1114 3480 1142 3517 ut
1152 3479 1256 3531 tempora
1268 3477 1352 3536 quibus
1367 3477 1466 3540 singula
1481 3479 1556 3526 oscil-

260 3516 342 3564 eadem
357 3527 419 3572 sunt,
439 3519 542 3578 pondera
557 3531 612 3569 sunt
622 3533 650 3570 ut
661 3524 820 3587 longitudines
830 3543 888 3588 perr·
920 3530 1017 3578 ledones
1031 3532 1094 3579 fiunt
1106 3535 1172 3596 (478.
1187 3536 1241 3583 Lib.
1256 3538 1301 3599 1.),
1318 3541 1411 3586 numeri
1426 3541 1554 3590 ospitatio-

260 3577 370 3628 dulorum
381 3581 473 3632 directe.
920 3609 979 3651 num
1000 3596 1129 3658 equalibus
1150 3601 1294 3659 temporibus
1314 3613 1458 3664 peractamm
1479 3616 1556 3655 erunt

292 3663 333 3726 (¹¹¹)
347 3667 360 3694 ⁶
373 3667 580 3717 Etuniversalr'ter.
614 3668 676 3716 Vide
686 3679 767 3718 notam
782 3673 887 3734 superio-
922 3659 974 3719 (ΡΨ
986 3659 1039 3733 ⁰9¹·
1053 3664 1075 3708 ⁵·
1092 3661 1161 3722 P‘0P·
1175 3664 1258 3736 hfllffll
1277 3665 1303 3740 {¹¹
1319 3668 1444 3727 οοῐῃΡοείυὶ
1460 3670 1556 3718 ΜῙοΠθ

259 3741 317 3774 κω,
921 3733 951 3768 ex
971 3732 1060 3769 ratione
1081 3725 1244 3785 subdupbcats
1265 3729 1351 3777 drrecta
1370 3732 1502 3790 ponderum
1528 3745 1557 3782 et

291 3813 353 3924 §Pe
372 3817 632 3880 Utsupmmmmn
646 3819 699 3868 cor·
714 3796 890 3886 satanael).
922 3785 1089 3846 subduplicatis
1112 3789 1241 3838 rationibus
1260 3792 1356 3841 inversis
1376 3809 1506 3843 massarum
1527 3807 1556 3845 η

261 3875 287 3923 X
923 3849 1098 3912 longitudinum
1108 3854 1265 3913 pendulorum
1272 3874 1280 3914 ;
1299 3856 1353 3913 sire,
1370 3860 1480 3919 quoniam
1490 3876 1557 3920 pon-

436 3967 441 3977 ·
923 3912 969 3960 dus
984 3922 1019 3962 est
1028 3915 1153 3964 attactum
1164 3933 1193 3964 ex
1204 3919 1280 3968 massi
1289 3920 1315 3967 in
1325 3922 1372 3968 va
1383 3924 1501 3985 gravitatis
1511 3941 1555 3973 ac·

298 3962 332 4026 (⁰)
345 3967 359 3994 *
372 3967 405 4012 Et
416 3967 470 4013 isne
484 3967 554 4028 liquet
564 3969 629 4022 ναιίο,
641 3968 683 4016 lire.
721 3969 784 4016 Nam
793 3987 822 4019 ex
833 3973 893 4022 datis
924 3976 1087 4037 cenantem,
1094 3991 1163 4028 eruut
1170 3983 1273 4041 praedicti
1281 3985 1451 4033 oscillatiorrum
1458 3990 1556 4036 numeri

263 4027 421 4086 pendulorum
437 4029 630 4092 longitudinibus,
647 4031 817 4082 oscillationem
834 4046 894 4083 tem-
924 4040 951 4085 in
961 4041 1049 4089 ratione
1059 4044 1221 4104 subduplicata
1236 4047 1323 4096 directa
1333 4049 1417 4097 virium
1433 4053 1558 4114 gravitatis

265 4092 367 4148 poribus,
387 4101 411 4138 et
432 4093 573 4152 ponderibus
594 4109 725 4153 contorum,
745 4098 814 4145 datur
835 4102 894 4148 ratio
925 4105 1109 4155 acceleraturum
1136 4118 1160 4154 et
1174 4110 1264 4156 ratione
1277 4113 1558 4178 subduplimsttongtm.

265 4155 422 4212 quantitatum
447 4157 549 4202 materiae
571 4156 597 4204 in
618 4157 666 4206 illis
686 4161 819 4222 corporibus
841 4167 895 4228 (per
925 4167 1008 4214 diuum
1024 4170 1179 4229 pendulorum
1189 4172 1294 4233 inversi3
1309 4191 1337 4222 ac
1347 4179 1444 4236 proinde
1458 4179 1557 4239 pendn.

268 4216 321 4262 eor.
333 4217 393 4284 V.)5
409 4230 432 4266 et
443 4229 551 4267 conns..
924 4231 1001 4277 lorum
1017 4233 1174 4295 inequalium‚
1193 4237 1234 4283 sed
1250 4238 1363 4287 eidemvi
1373 4244 1489 4305 gravitatis
1499 4244 1558 4306 agi·

299 4277 333 4340 (Ρ)
347 4283 359 4310 *
374 4285 412 4328 Ad
423 4287 600 4343 cognoscendam
611 4287 759 4336 sanationem
765 4292 891 4350 medatis.
925 4303 1034 4352 tatarum,
1054 4298 1145 4344 numeri
1163 4299 1334 4350 oscillationurn
1350 4306 1430 4353 eodem
1447 4319 1560 4368 tempore

267 4339 317 4389 Ubi
328 4342 391 4388 enim
398 4347 505 4418 'ejusdem
514 4348 610 4407 penduli
620 4346 775 4398 oscillationes
783 4355 894 4402 tardiores
926 4359 1117 4406 absolvendarum
1134 4372 1190 4410 sunt
1207 4364 1233 4410 in
1255 4368 1372 4426 reciproci
1389 4370 1561 4432 subduplieats

266 4410 536 4479 suntngravrtatisactiq
554 4413 642 4460 caeteris
652 4417 752 4473 paribus,
763 4416 893 4476 minorest,
926 4423 1013 4469 ratione
1031 4417 1206 4486 longitudinum
1227 4430 1391 4489 penduloruna
1414 4445 1438 4481 et
1458 4438 1561 4484 numeri

266 4483 322 4516 cum
332 4484 357 4513 rn
368 4471 450 4517 eodem
461 4475 565 4532 pendulo
573 4477 675 4538 pondera
685 4479 731 4526 sint
742 4481 857 4540 reciproce
867 4492 895 4530 ut
926 4485 1100 4534 os'cillationum
1122 4489 1147 4536 in
1173 4492 1265 4540 duobus
1291 4497 1399 4554 pendulis
1425 4498 1563 4560 equalibus

267 4531 379 4594 quadrata
397 4543 526 4595 temporum
539 4549 590 4600 (per
603 4542 657 4588 Cor.
670 4542 712 4603 5.).
750 4543 844 4591 Sed‘de
859 4546 895 4592 bis
926 4559 995 4596 erunt
1011 4550 1036 4596 in
1050 4552 1212 4614 subduplicati
1227 4558 1315 4605 ratione
1330 4558 1412 4608 virium
1424 4561 1558 4624 grarimtia.

266 4595 372 4671 pluraad
382 4597 451 4671 ifrqp.
463 4599 524 4646 XX.
537 4603 589 4650 Lib.
602 4604 654 4651 111.
665 4605 779 4654 dicentur.
800 4607 895 4662 Quanta
929 4612 990 4660 Hac
1001 4624 1035 4661 est
1044 4617 1126 4678 regula
1135 4633 1206 4680 quam
1214 4621 1244 4667 sd
1254 4624 1419 4682 comparandas
1429 4641 1563 4685 torporem

267 4667 347 4708 sutem
358 4674 384 4706 ru
391 4659 438 4706 rlbs
444 4663 607 4722 experimentis
617 4667 747 4717 adhibenda
757 4671 787 4718 sit
796 4672 896 4736 diligen·
927 4678 1051 4738 gravitates
1060 4679 1130 4728 tradit
1140 4681 1196 4732 Joh.
1211 4684 1333 4734 Bernoulli
1342 4687 1369 4734 in
1380 4688 1447 4738 Aede
1454 4689 1560 4742 Erudit.

266 4725 308 4782 tia,
324 4724 398 4772 elaris.
414 4725 448 4773 D.
460 4725 490 4774 de
502 4727 596 4776 Mairan
607 4729 635 4828 epi
645 4731 692 4794 qul
703 4733 761 4781 solet
771 4737 896 4797 perspicui-
929 4739 993 4802 Lipa
1005 4757 1043 4790 au.
1055 4747 1125 4792 1713.
