3275 5650
504 464 625 517 INDEX
643 461 955 513 Pnot’ostntontna

124 664 228 717 error.
243 658 378 710 xxvtrt.
413 655 548 706 runos.
563 615 698 703 xxuf'*

46 768 53 787 ⁸
95 762 647 833 Sicorporifunependuloincycloideoscillanti

122 838 233 883 resistitur
243 834 268 879 in
278 832 366 879 ratione
376 838 547 877 momentorum
557 836 647 885 tempo·

123 900 162 957 ris,
179 898 222 945 erit
233 899 282 961 ejus
297 894 424 942 resistentia
433 892 463 939 ad
473 892 521 939 rim
531 889 648 952 gravimtis

123 973 151 1011 ut
161 976 268 1010 excessus
277 958 344 1006 arctis
359 958 470 1003 descensu
480 964 530 1001 toto
540 952 648 1011 descripti

125 1040 194 1085 supra
200 1037 278 1071 arcum
288 1036 383 1068 ascensu
392 1022 544 1079 subsequente
550 1015 649 1075 descrip-

122 1079 648 1147 tum,adpendulilongitudinemduplicatam.
666 1080 711 1126 156

176 1210 281 1259 PROI’.
297 1207 404 1256 XXIX.
439 1203 569 1254 PROBI..
583 1202 630 1249 VI.

95 1298 175 1346 Posito
191 1294 254 1357 quod
273 1293 361 1353 corpori
379 1292 404 1338 in
419 1289 522 1353 cycloide
537 1286 651 1336 oscillanti

126 1361 238 1407 resistitur
246 1360 273 1404 in
284 1353 401 1415 duplicati
416 1354 504 1401 ratione
516 1350 648 1407 velocitatis,

126 1424 229 1471 invenire
238 1419 390 1468 resistentiam
400 1419 426 1465 iu
436 1418 493 1465 locis
501 1414 650 1477 anguis...
668 1418 712 1463 157

158 1544 263 1593 PROP.
278 1542 363 1589 XXX.
400 1539 536 1588 THEOR.
551 1537 649 1585 XXIV.

96 1630 123 1679 Si
141 1639 204 1677 recta
220 1628 280 1675 AB
297 1625 391 1688 aequalis
407 1624 436 1671 sit
456 1623 566 1685 cycloIdis
586 1622 650 1669 arcui

125 1708 195 1755 quem
210 1707 293 1751 corpus
308 1688 435 1736 oscillando
450 1687 563 1744 describit,
583 1695 606 1733 et
619 1685 652 1732 ad

126 1755 218 1817 singula
232 1755 282 1816 ejus
292 1762 379 1813 puncta
391 1752 416 1798 D
427 1750 545 1812 erigantur
554 1764 651 1809 perpen-

127 1818 204 1867 dIcula
221 1820 246 1865 D
259 1818 291 1872 K,
308 1832 361 1877 quse
376 1816 423 1862 sint
438 1816 467 1861 ad
481 1812 651 1875 longitudinem

128 1881 224 1943 penduli
240 1892 267 1927 ut
284 1880 411 1926 resistentia
426 1878 527 1937 corporis
545 1878 570 1921 in
586 1875 652 1922 arcis

127 1945 220 2005 punctis
235 1942 463 2003 correspondentibus
473 1940 503 1987 ad
514 1940 561 1985 rim
577 1941 653 2000 grau·

128 2010 193 2055 tatis:
215 2007 268 2055 dico
282 2005 345 2069 quod
359 2004 489 2052 differentia
504 2003 564 2050 inter
574 2017 653 2049 arcum

128 2072 240 2118 descensu
250 2079 299 2117 toto
304 2068 445 2129 descriptum
455 2075 479 2113 et
489 2080 567 2113 arcum
575 2081 653 2111 ascen-

128 2150 156 2181 su
166 2143 216 2180 toto
226 2136 379 2193 subsequente
395 2130 535 2189 descriptum
547 2129 617 2175 ducta
627 2129 652 2174 in

129 2212 226 2245 arcuum
236 2194 363 2241 eorundem
374 2194 564 2246 semi-summam,
577 2206 654 2252 sequa·

130 2260 159 2307 lis
169 2260 212 2306 erit
222 2274 282 2305 areae
295 2258 316 2305 B
329 2256 380 2303 Ka
395 2255 589 2316 dperpendiculis
604 2270 655 2300 orn-

131 2324 200 2371 nibus
210 2324 235 2369 Ι)
248 2322 274 2369 Κ
285 2328 402 2381 occupate
403 2348 653 2367 ........................
674 2322 718 2365 163

115 2504 118 2509 ,
162 2447 267 2497 PROP.
280 2445 384 2494 XXXI.
422 2444 557 2492 THEOR.
572 2443 658 2491 XXV.

98 2535 127 2585 Si
138 2534 238 2595 corporis
248 2532 373 2580 oscillantis
384 2532 510 2579 resistentia
520 2530 546 2577 in
557 2528 655 2591 singulis
699 2580 701 2585 ,

130 2613 228 2647 mcuum
239 2596 404 2656 descriptorum
415 2596 517 2655 partibus
527 2593 655 2653 proportio-

131 2662 224 2709 nalibus
242 2670 354 2721 augeatur
370 2659 408 2706 vel
426 2658 545 2705 minuatur
559 2657 585 2702 in
602 2652 657 2703 data

31 2722 35 2727 ’
132 2724 220 2771 ratione
226 2742 234 2781 ;
246 2722 377 2771 differentia
386 2722 448 2769 inter
455 2734 535 2767 arcum
545 2720 656 2766 descensu

132 2788 273 2849 descriptum
281 2796 304 2834 et
310 2800 390 2834 arcum
399 2787 552 2846 subsequente
561 2796 657 2830 mcensu

133 2853 280 2912 desmiptum,
292 2851 416 2912 augebitur
426 2847 464 2895 rel
473 2849 616 2895 diminuetur
631 2847 657 2892 iu

132 2914 214 2963 eidem
222 2915 310 2962 ratione
313 2942 655 2962 .................................
676 2914 721 2956 168

146 3011 251 3091 enos.
266 3040 389 3088 xxxu.
424 3038 561 3087 rusori.
576 3035 680 3084 xxvt.

103 3135 130 3186 Si
138 3150 261 3196 corporum
269 3141 392 3195 systemata
400 3132 447 3178 duo
455 3132 540 3179 similia
546 3146 574 3178 ex
583 3145 659 3193 aequa-

134 3200 152 3246 li
163 3198 327 3258 particularum
338 3210 436 3242 numero
446 3205 557 3252 constent,
574 3205 598 3242 et
608 3208 660 3254 par-

135 3261 213 3309 ricula
234 3259 437 3319 correspondentes
457 3259 544 3305 similes
567 3258 613 3304 sint
637 3265 661 3304 et

124 3321 324 3386 proportionales,
336 3322 435 3384 singulte
446 3321 469 3368 in
481 3337 530 3368 uno
540 3328 661 3382 systemate

137 3387 235 3450 siugulis
250 3387 276 3433 in
291 3386 370 3440 altero,
389 3395 413 3432 et
428 3385 533 3432 similiter
543 3394 592 3431 stre
601 3384 662 3430 inter

138 3467 169 3507 se,
181 3466 208 3497 ac
218 3451 296 3498 datam
312 3450 411 3496 habeant
422 3450 533 3496 rationem
543 3447 662 3495 densitatis

139 3513 170 3559 ad
177 3514 281 3566 inricem,
292 3525 315 3561 et
323 3514 383 3560 inter
390 3529 413 3559 se
420 3513 562 3572 temporibus
567 3523 661 3574 propor-

138 3575 264 3622 tionalibus
279 3576 384 3623 similiter
393 3577 480 3624 moveri
491 3575 601 3636 incipiant
617 3577 662 3639 (ere

138 3637 200 3684 inter
210 3653 234 3683 se
244 3653 296 3698 quse
306 3646 362 3684 sunt
376 3638 401 3683 in
415 3655 463 3686 uno
477 3649 531 3687 sunt
541 3646 663 3700 systemate

139 3709 164 3748 et
174 3716 208 3747 eae
217 3700 307 3746 inierse
314 3715 366 3761 quae
374 3699 398 3745 in
406 3702 488 3761 altero)
500 3711 524 3748 et
531 3703 550 3748 si
558 3717 604 3748 nou
611 3711 663 3749 tsn-

141 3773 232 3826 gantae
243 3761 326 3809 mutuo
337 3777 389 3823 qure
399 3762 424 3808 in
435 3764 516 3810 eodem
527 3774 582 3811 suut
592 3775 662 3825 syste-

143 3837 211 3884 mate,
224 3827 268 3872 nisi
280 3828 303 3873 in
315 3827 438 3873 momentis
448 3825 606 3882 milesiorum,
622 3841 662 3873 ne·

141 3907 188 3954 que
203 3883 317 3938 attrabunt
333 3888 369 3935 vel
385 3892 468 3951 fugant
478 3903 503 3935 se
513 3887 602 3942 mutuo.
620 3889 664 3934 nisi

141 3954 228 4001 viribus
238 3953 431 4001 acceleranicibus
439 3965 491 4014 quce
502 3954 548 3999 sint
557 3960 585 3998 ut
594 3952 664 4012 parti·

143 4019 247 4065 cularum
266 4017 493 4077 correspondentium
509 4015 613 4063 diametri
629 4014 667 4061 itt-⁸

143 4080 207 4128 verse
225 4091 248 4128 et
264 4080 375 4142 quadrata
396 4079 544 4128 velocitatum
564 4077 662 4126 directi:

143 4143 195 4192 dico
206 4144 268 4208 quod
279 4153 427 4205 systematum
434 4142 552 4204 particulas
560 4143 607 4188 illie
615 4156 666 4202 per-

142 4217 199 4269 gent
208 4210 267 4256 inter
278 4224 303 4254 se
313 4210 453 4269 temporibus
461 4205 668 4268 proportionalibus

143 4271 249 4319 similiter
264 4271 351 4319 moveri
352 4303 667 4320 ..............................
686 4271 728 4316 191

143 4398 248 4448 PROP.
262 4398 400 4446 XXXIII.
427 4399 565 4449 ΤΗΕΟΒ.
579 4400 697 4449 XXVII.

112 4481 202 4556 Iisdem
211 4481 301 4556 positis,-
307 4482 427 4557 dicoquod
436 4493 584 4558 systematum
593 4494 669 4560 partes

144 4547 671 4667 miu'i'ic'iiffliiiiiiffiiiitffii

145 4623 297 4731 {Iduplicatri
308 4673 397 4720 ratione
412 4673 578 4722 diametrorum
595 4686 619 4723 et
633 4691 670 4724 ra-

1307 466 1371 524 319

769 652 1014 701 enouxxxrv.
1034 651 1171 702 ruaoa
1183 614 1361 700 xxvnrf*

754 759 777 807 Si
788 758 873 821 globus
883 766 906 803 et
916 756 1035 819 cyliadrus
1048 756 1176 818 equalibus
1190 755 1308 803 diametris

784 820 898 880 descripti,
921 821 946 866 in
967 819 1045 867 medio
1065 835 1117 865 raro
1137 835 1167 865 er
1188 820 1307 879 particulis

783 884 911 947 equalibus
921 893 944 930 et
953 883 984 930 ad
994 882 1094 945 aquata
1108 885 1138 929 ab
1153 883 1251 929 invicem
1261 883 1308 929 dis·

783 949 868 995 tantias
878 944 949 1007 libere
959 946 1074 1005 dispositis
1083 954 1209 999 constante,
1225 961 1308 992 secun·
1330 956 1338 976 ·

783 1010 842 1058 dnm
858 1011 951 1072 plagam
967 1010 1017 1055 aris
1032 1008 1137 1069 cylindri,
1155 1007 1238 1070 aquati
1254 1024 1309 1055 curn

783 1074 1058 1121 uelocitatemoveantur:
1072 1073 1115 1119 erit
1123 1072 1249 1118 resistentia
1256 1071 1307 1134 glo·

784 1137 808 1184 bi
819 1135 892 1198 dupld
903 1137 979 1183 minor
989 1134 1060 1198 quim
1068 1134 1195 1183 mittentia
1202 1134 1306 1197 cylindri
1327 1139 1371 1185 19⁷

827 1264 932 1314 PROP.
947 1262 1060 1312 XXXV.
1094 1262 1224 1311 PROBL.
1238 1262 1303 1311 VII.

756 1350 782 1397 Si
792 1349 897 1400 medium
906 1364 985 1397 rarum
996 1364 1025 1397 ex
1035 1350 1153 1409 particulis
1167 1349 1308 1413 quimmini.

785 1408 1008 1475 mis¹quiescent1bus
1022 1414 1149 1474 aequalibus
1159 1422 1183 1460 et
1192 1413 1222 1459 ad
1232 1429 1310 1475 tequa-

786 1476 820 1523 les
830 1481 859 1522 ab
870 1476 967 1522 invicem
978 1476 1097 1523 distantias
1113 1475 1183 1523 libere
1197 1476 1311 1536 dispositis

787 1548 891 1586 constet:
915 1540 1019 1586 invenire
1036 1541 1189 1587 resistentiam
1205 1540 1269 1601 globi
1286 1541 1311 1587 in

755 1612 761 1627 ⁸
787 1603 832 1649 hoe
842 1603 920 1650 medio
930 1602 1076 1651 uniformiter
1086 1603 1312 1667 progredientia.....
1328 1608 1374 1651 208

810 1706 915 1755 eaor.
930 1707 1060 1755 xxxvr.
1085 1690 1217 1756 rriout..
1231 1707 1309 1754 vui.

761 1795 837 1853 Aquae
855 1790 885 1837 de
903 1806 955 1837 vase
974 1790 1099 1851 cylindrico
1114 1790 1268 1851 perforamen
1286 1792 1313 1837 in

789 1854 865 1902 fundo
875 1854 963 1901 factum
974 1854 1095 1912 effluentis,
1107 1855 1203 1901 definire
1212 1864 1310 1901 motum.
1329 1858 1375 1902 211

784 1959 887 2007 PROP.
900 1959 1044 2007 XXXVII.
1063 1956 1200 2007 THEOR.
1213 1959 1318 2006 XXIX.

762 2037 874 2107 Cylindri,
886 2044 927 2105 qui
937 2043 961 2088 in
968 2042 1040 2090 fluido
1050 2058 1179 2102 compresso
1190 2043 1280 2091 infinito
1290 2052 1314 2091 et

790 2106 1314 2169 nouelasticosecondrimlongitudinemsuam

790 2171 937 2219 uniformiter
946 2171 1099 2232 progreditur,
1117 2170 1251 2225 resistentia,
1262 2186 1315 2233 qum

791 2233 1054 2295 orituramagnitudina
1062 2233 1169 2280 sectionis
1175 2243 1314 2288 mamrersae,

793 2306 828 2344 est
838 2296 866 2346 ad
878 2298 924 2343 rim
935 2296 982 2357 quai
997 2307 1059 2344 totus
1069 2298 1119 2357 ejus
1129 2306 1214 2353 motus,
1229 2297 1318 2344 interea

793 2359 852 2406 dum
858 2360 1012 2419 quadruplum
1020 2360 1173 2420 longitudinis
1180 2376 1228 2406 sum
1234 2360 1318 2407 descri-

793 2423 834 2478 bit,
846 2422 883 2467 vel
893 2423 943 2467 tolli
954 2423 1024 2481 possit
1034 2424 1070 2467 rel
1081 2424 1192 2483 grumam,
1204 2433 1231 2470 ut
1241 2424 1318 2470 densi·

793 2494 829 2532 tas
847 2484 918 2530 medii
934 2482 963 2529 ad
979 2484 1116 2530 densitatem
1127 2485 1223 2544 cylindri
1234 2502 1316 2547 quam·
1379 2506 1383 2512 ’

793 2545 904 2608 proxime.
908 2576 1317 2598 ......................................
1334 2552 1381 2599 227

795 2670 900 2720 PROP.
912 2667 1072 2717 XXXVIII.
1090 2669 1228 2718 THEOR.
1239 2672 1329 2720 XXX.

768 2757 839 2806 Globi
854 2758 880 2802 in
898 2754 972 2803 fluido
989 2745 1119 2817 compris..
1136 2756 1228 2804 infinito
1237 2765 1261 2805 et
1272 2772 1320 2805 non

796 2820 891 2869 clastico
900 2819 1046 2867 uniformiter
1061 2820 1235 2883 progredientis,
1253 2823 1321 2869 resis-

796 2886 869 2932 tentia
877 2893 913 2932 eat
922 2883 952 2931 ad
967 2885 1015 2930 vim
1030 2885 1077 2946 qui
1090 2895 1153 2932 totus
1169 2885 1219 2948 ejus
1234 2895 1320 2943 motus,

796 2964 844 3011 quo
854 2958 957 3008 empore
966 2958 1019 2996 octo
1027 2950 1109 3005 ,tertia
1124 2958 1200 3009 partes
1215 2949 1321 2996 damari

796 3027 846 3059 sua·
857 3012 971 3068 describit,
981 3012 1018 3058 rel
1027 3012 1200 3074 tolliposaitrel
1207 3013 1319 3075 generari,

797 3083 826 3122 ut
841 3075 942 3122 densitas
961 3075 1028 3123 fluidi
1048 3077 1079 3124 ad
1100 3076 1237 3124 densitatem
1257 3075 1322 3139 globi

797 3137 974 3202 quamproxime
975 3172 1320 3190 ..............................
1337 3142 1382 3188 235

805 3256 909 3306 PttoP.
921 3257 1055 3306 XXXIX.
1075 3257 1211 3307 THEOR.
1226 3257 1332 3307 XXXI.

770 3340 850 3398 stou,
871 3355 913 3402 μοι
931 3341 1031 3389 sutum
1052 3342 1078 3388 tn
1101 3324 1324 3402 ..sicamina

799 3405 905 3452 clausum
916 3413 940 3452 et
949 3420 1105 3466 compressum
1115 3404 1261 3452 uniformiter
1270 3420 1324 3465 pro-

798 3467 932 3531 gredientis,
948 3469 1076 3517 matis
1087 3480 1122 3516 est
1131 3468 1161 3516 ad
1171 3469 1219 3515 rim
1229 3468 1277 3531 qui
1286 3478 1322 3515 to-

799 3541 839 3579 tua
849 3532 898 3594 ejus
907 3541 992 3589 motus,
1009 3533 1097 3582 interea
1104 3532 1162 3581 ditm
1178 3542 1230 3580 octo
1245 3533 1323 3580 tertias

798 3605 876 3657 pares
890 3596 995 3644 diametn
1011 3613 1060 3645 suar
1070 3597 1184 3653 describit,
1200 3596 1237 3643 rel
1252 3611 1324 3658 geae-

799 3660 845 3707 rari
855 3661 926 3719 posit
936 3660 973 3707 vel
983 3662 1041 3719 tolli,
1056 3662 1083 3708 in
1093 3661 1181 3707 ratione
1196 3674 1249 3718 quae
1260 3672 1323 3704 com·

800 3724 895 3783 ponitur
904 3739 933 3768 ex
944 3724 1033 3770 ratione
1042 3721 1224 3769 orificii‘canalis
1239 3721 1269 3767 ad
1284 3734 1324 3766 er.

800 3800 892 3832 cessum
901 3785 972 3846 hujus
982 3786 1063 3831 orificii
1073 3800 1142 3844 supra
1149 3783 1272 3830 dimidIum
1281 3785 1325 3830 cir·

801 3847 849 3894 culi
868 3847 964 3893 maximi
980 3848 1084 3908 globi.m
1101 3848 1189 3895 ratione
1207 3845 1325 3910 duplicati

802 3909 883 3957 orificii
893 3909 979 3956 canalis
988 3911 1018 3958 ad
1029 3927 1148 3958 excessum
1159 3911 1228 3972 hujus
1244 3909 1325 3956 orificii

802 3971 873 4033 suprd
890 3974 1004 4020 circulum
1020 3975 1150 4022 marimum
1165 3974 1236 4036 globi,
1255 3984 1278 4020 et
1288 3988 1325 4019 ra·

801 4037 866 4084 tione
876 4037 994 4084 densitatis
1004 4036 1070 4084 fluidi
1078 4037 1108 4085 ad
1115 4037 1251 4085 donantem
1262 4036 1326 4099 globi

802 4100 978 4162 quamproxime
982 4134 1232 4151 .......................
1234 4103 1241 4150 '.
1245 4133 1326 4150 .......
1343 4105 1389 4148 288

878 4207 983 4256 PROP.
998 4208 1056 4255 XL.
1090 4207 1220 4256 PROBI..
1232 4208 1281 4254 IX.

775 4293 854 4351 Globi,
865 4294 890 4341 in
901 4293 978 4346 medio
989 4293 1126 4342 fluidissimo
1135 4309 1265 4355 compresso
1275 4309 1328 4355 pro·

804 4358 938 4422 gradientis,
949 4357 1052 4405 invenire
1059 4359 1209 4406 resistentiam
1217 4374 1258 4417 per
1265 4360 1328 4418 phre-

805 4437 906 4470 nomeoa
908 4453 1327 4472 ........................................
1334 4419 1390 4470 ibid.

767 4549 770 4554 ·
835 4524 939 4574 PROP.
954 4525 1028 4573 XLI.
1062 4525 1199 4573 THlson.
1214 4525 1335 4573 XXXII.

778 4611 869 4660 Pressio
879 4625 927 4658 non
937 4621 1078 4672 propagatur
1088 4627 1128 4671 per
1138 4608 1237 4659 fluidum
1248 4626 1331 4658 secun·

807 4674 864 4721 ddm
876 4674 949 4720 lineas
958 4684 1037 4726 rectas,
1049 4675 1095 4722 nisi
1103 4675 1143 4723 ubi
1153 4676 1271 4736 particulae
1279 4674 1332 4722 dui·

145 4733 209 4783 tione
219 4733 336 4784 densitatis
346 4739 448 4798 partium
459 4747 608 4801 systematum
610 4772 670 4789 ......
689 4746 733 4791 191
810 4738 834 4785 di
845 4738 870 4785 iu
881 4738 995 4786 directum
1001 4739 1088 4802 jacent.
1092 4771 1331 4788 .......................
1348 4740 1396 4785 256
