<?xml version="1.0" encoding="UTF-8"?>
<!DOCTYPE html PUBLIC "-//W3C//DTD XHTML 1.0 Transitional//EN"
    "http://www.w3.org/TR/xhtml1/DTD/xhtml1-transitional.dtd">
<html xmlns="http://www.w3.org/1999/xhtml" xml:lang="en" lang="en">
 <head>
  <title>
</title>
<meta http-equiv="Content-Type" content="text/html;charset=utf-8" />
  <meta name='ocr-system' content='tesseract 3.04.00' />
  <meta name='ocr-capabilities' content='ocr_page ocr_carea ocr_par ocr_line ocrx_word'/>
</head>
<body>
  <div class='ocr_page' id='page_1' title='image "./philosophinatur06wriggoog_0231.png"; bbox 0 0 3275 5650; ppageno 0'>
   <div class='ocr_carea' id='block_1_1' title="bbox 269 475 1559 558">
    <p class='ocr_par' dir='ltr' id='par_1_1' title="bbox 269 475 1559 558">
     <span class='ocr_line' id='line_1_1' title="bbox 269 475 1559 558; baseline -0.006 -8"><span class='ocrx_word' id='word_1_1' title='bbox 269 493 332 550; x_wconf 87' lang='grc'><strong>220</strong></span> <span class='ocrx_word' id='word_1_2' title='bbox 591 476 933 549; x_wconf 78' lang='lat' dir='ltr'><strong>PHILOSOPHIAE</strong></span> <span class='ocrx_word' id='word_1_3' title='bbox 955 475 1228 546; x_wconf 80' lang='lat' dir='ltr'>NATURALIS</span> <span class='ocrx_word' id='word_1_4' title='bbox 1285 477 1559 558; x_wconf 78' lang='lat' dir='ltr'><strong>[Moncoanon.</strong></span> 
     </span>
    </p>
   </div>
   <div class='ocr_carea' id='block_1_2' title="bbox 177 646 1560 2903">
    <p class='ocr_par' dir='ltr' id='par_1_2' title="bbox 265 646 1560 1070">
     <span class='ocr_line' id='line_1_2' title="bbox 267 646 1560 743; baseline -0.003 -23"><span class='ocrx_word' id='word_1_5' title='bbox 267 656 395 743; x_wconf 78' lang='lat' dir='ltr'><strong>aequalis</strong></span> <span class='ocrx_word' id='word_1_6' title='bbox 417 667 464 720; x_wconf 91' lang='lat' dir='ltr'><strong>est</strong></span> <span class='ocrx_word' id='word_1_7' title='bbox 487 655 620 740; x_wconf 83' lang='lat' dir='ltr'><strong>ponderi</strong></span> <span class='ocrx_word' id='word_1_8' title='bbox 634 646 821 740; x_wconf 83' lang='lat' dir='ltr'><strong>-cyiindriooe</strong></span> <span class='ocrx_word' id='word_1_9' title='bbox 843 653 997 718; x_wconf 74' lang='lat' dir='ltr'><strong>columnae</strong></span> <span class='ocrx_word' id='word_1_10' title='bbox 1018 673 1117 738; x_wconf 80' lang='lat' dir='ltr'><strong>sqnae,</strong></span> <span class='ocrx_word' id='word_1_11' title='bbox 1143 652 1230 736; x_wconf 89' lang='lat' dir='ltr'><strong>cujus</strong></span> <span class='ocrx_word' id='word_1_12' title='bbox 1247 651 1330 714; x_wconf 85' lang='lat' dir='ltr'><strong>basis</strong></span> <span class='ocrx_word' id='word_1_13' title='bbox 1350 663 1398 718; x_wconf 82' lang='lat' dir='ltr'><strong>eet</strong></span> <span class='ocrx_word' id='word_1_14' title='bbox 1416 651 1560 718; x_wconf 80' lang='lat' dir='ltr'><strong>foramen</strong></span> 
     </span>
     <span class='ocr_line' id='line_1_3' title="bbox 269 762 1560 848; baseline -0.003 -17"><span class='ocrx_word' id='word_1_15' title='bbox 269 767 351 844; x_wconf 88' lang='lat' dir='ltr'><strong>EF,</strong></span> <span class='ocrx_word' id='word_1_16' title='bbox 369 780 400 830; x_wconf 92' lang='lat' dir='ltr'><strong>et</strong></span> <span class='ocrx_word' id='word_1_17' title='bbox 414 766 546 831; x_wconf 80' lang='lat' dir='ltr'><strong>altitudo</strong></span> <span class='ocrx_word' id='word_1_18' title='bbox 561 773 582 827; x_wconf 90' lang='grc'><strong>2</strong></span> <span class='ocrx_word' id='word_1_19' title='bbox 598 764 632 829; x_wconf 92' lang='lat' dir='ltr'>G</span> <span class='ocrx_word' id='word_1_20' title='bbox 647 765 664 828; x_wconf 96' lang='grc' dir='ltr'>Ι</span> <span class='ocrx_word' id='word_1_21' title='bbox 679 764 727 827; x_wconf 83' lang='lat' dir='ltr'><strong>vel</strong></span> <span class='ocrx_word' id='word_1_22' title='bbox 744 772 764 826; x_wconf 88' lang='grc'><strong>2</strong></span> <span class='ocrx_word' id='word_1_23' title='bbox 778 763 806 828; x_wconf 88' lang='lat' dir='ltr'>C</span> <span class='ocrx_word' id='word_1_24' title='bbox 825 764 867 828; x_wconf 89' lang='lat' dir='ltr'><strong>K.</strong></span> <span class='ocrx_word' id='word_1_25' title='bbox 901 763 985 827; x_wconf 85' lang='lat' dir='ltr'><strong>Nom</strong></span> <span class='ocrx_word' id='word_1_26' title='bbox 996 785 1077 848; x_wconf 84' lang='lat' dir='ltr'><strong>aque</strong></span> <span class='ocrx_word' id='word_1_27' title='bbox 1091 762 1231 840; x_wconf 75' lang='lat' dir='ltr'><strong>exiliens,</strong></span> <span class='ocrx_word' id='word_1_28' title='bbox 1243 785 1307 848; x_wconf 94' lang='lat' dir='ltr'><strong>quo</strong></span> <span class='ocrx_word' id='word_1_29' title='bbox 1321 776 1462 847; x_wconf 85' lang='lat' dir='ltr'><strong>tempore</strong></span> <span class='ocrx_word' id='word_1_30' title='bbox 1476 764 1560 828; x_wconf 84' lang='lat' dir='ltr'><strong>hanc</strong></span> 
     </span>
     <span class='ocr_line' id='line_1_4' title="bbox 266 871 1557 958; baseline -0.002 -18"><span class='ocrx_word' id='word_1_31' title='bbox 266 876 443 940; x_wconf 89' lang='lat' dir='ltr'><strong>colmnuam</strong></span> <span class='ocrx_word' id='word_1_32' title='bbox 468 884 580 958; x_wconf 85' lang='lat' dir='ltr'><strong>aequat,</strong></span> <span class='ocrx_word' id='word_1_33' title='bbox 606 873 747 956; x_wconf 88' lang='lat' dir='ltr'><strong>pondere</strong></span> <span class='ocrx_word' id='word_1_34' title='bbox 772 895 830 936; x_wconf 90' lang='lat' dir='ltr'><strong>suo</strong></span> <span class='ocrx_word' id='word_1_35' title='bbox 854 873 894 936; x_wconf 89' lang='lat' dir='ltr'><strong>ab</strong></span> <span class='ocrx_word' id='word_1_36' title='bbox 921 871 1084 937; x_wconf 77' lang='lat' dir='ltr'><strong>altitudine</strong></span> <span class='ocrx_word' id='word_1_37' title='bbox 1107 873 1140 940; x_wconf 96' lang='lat' dir='ltr'><strong>G</strong></span> <span class='ocrx_word' id='word_1_38' title='bbox 1155 874 1173 936; x_wconf 95' lang='lat' dir='ltr'>I</span> <span class='ocrx_word' id='word_1_39' title='bbox 1196 873 1339 937; x_wconf 83' lang='lat' dir='ltr'><strong>cadendo</strong></span> <span class='ocrx_word' id='word_1_40' title='bbox 1361 873 1557 937; x_wconf 85' lang='lat' dir='ltr'><strong>velocitatem</strong></span> 
     </span>
     <span class='ocr_line' id='line_1_5' title="bbox 265 979 858 1070; baseline -0.007 -22"><span class='ocrx_word' id='word_1_41' title='bbox 265 1006 362 1062; x_wconf 84' lang='lat' dir='ltr'><strong>suam,</strong></span> <span class='ocrx_word' id='word_1_42' title='bbox 380 982 442 1070; x_wconf 75' lang='lat' dir='ltr'><strong>quit</strong></span> <span class='ocrx_word' id='word_1_43' title='bbox 456 979 554 1059; x_wconf 84' lang='lat' dir='ltr'><strong>exilit,</strong></span> <span class='ocrx_word' id='word_1_44' title='bbox 571 982 731 1067; x_wconf 74' lang='lat' dir='ltr'><strong>acquirere</strong></span> <span class='ocrx_word' id='word_1_45' title='bbox 744 991 858 1065; x_wconf 91' lang='lat' dir='ltr'><strong>potest.</strong></span> 
     </span>
    </p>

    <p class='ocr_par' dir='ltr' id='par_1_3' title="bbox 177 1085 1553 2903">
     <span class='ocr_line' id='line_1_6' title="bbox 310 1085 1496 1174; baseline 0.013 -25"><span class='ocrx_word' id='word_1_46' title='bbox 310 1093 407 1156; x_wconf 81' lang='lat' dir='ltr'><strong>Corol.</strong></span> <span class='ocrx_word' id='word_1_47' title='bbox 425 1099 454 1153; x_wconf 76' lang='lat'><strong>3.</strong></span> <span class='ocrx_word' id='word_1_48' title='bbox 489 1089 618 1153; x_wconf 87' lang='lat' dir='ltr'><strong>Pondus</strong></span> <span class='ocrx_word' id='word_1_49' title='bbox 634 1111 724 1174; x_wconf 68' lang='lat' dir='ltr'><strong>aquea</strong></span> <span class='ocrx_word' id='word_1_50' title='bbox 738 1089 833 1152; x_wconf 87' lang='lat' dir='ltr'><strong>totius</strong></span> <span class='ocrx_word' id='word_1_51' title='bbox 846 1087 880 1150; x_wconf 84' lang='lat' dir='ltr'><strong>iu</strong></span> <span class='ocrx_word' id='word_1_52' title='bbox 894 1107 966 1150; x_wconf 69' lang='lat' dir='ltr'><strong>vase</strong></span> <span class='ocrx_word' id='word_1_53' title='bbox 1070 1085 1109 1170; x_wconf 67' lang='grc' dir='ltr'><strong>ΙΚ..</strong></span> <span class='ocrx_word' id='word_1_54' title='bbox 1109 1151 1269 1162; x_wconf 90' lang='grc'>....................</span> <span class='ocrx_word' id='word_1_55' title='bbox 1269 1088 1289 1163; x_wconf 88' lang='grc' dir='ltr'><strong>,Ῑ.</strong></span> <span class='ocrx_word' id='word_1_56' title='bbox 1466 1087 1496 1148; x_wconf 74' lang='lat' dir='ltr'><strong>I·</strong></span> 
     </span>
     <span class='ocr_line' id='line_1_7' title="bbox 267 1194 1031 1280; baseline -0.007 -19"><span class='ocrx_word' id='word_1_57' title='bbox 267 1197 298 1261; x_wconf 91' lang='lat' dir='ltr'>A</span> <span class='ocrx_word' id='word_1_58' title='bbox 312 1197 342 1260; x_wconf 91' lang='lat' dir='ltr'>B</span> <span class='ocrx_word' id='word_1_59' title='bbox 357 1196 392 1260; x_wconf 94' lang='lat' dir='ltr'><strong>D</strong></span> <span class='ocrx_word' id='word_1_60' title='bbox 409 1195 437 1259; x_wconf 89' lang='lat' dir='ltr'>C</span> <span class='ocrx_word' id='word_1_61' title='bbox 453 1208 500 1259; x_wconf 87' lang='lat' dir='ltr'><strong>est</strong></span> <span class='ocrx_word' id='word_1_62' title='bbox 514 1195 554 1259; x_wconf 87' lang='lat' dir='ltr'><strong>ad</strong></span> <span class='ocrx_word' id='word_1_63' title='bbox 568 1194 717 1279; x_wconf 89' lang='lat' dir='ltr'><strong>ponderis</strong></span> <span class='ocrx_word' id='word_1_64' title='bbox 736 1206 870 1280; x_wconf 82' lang='lat' dir='ltr'><strong>partem,</strong></span> <span class='ocrx_word' id='word_1_65' title='bbox 893 1215 965 1280; x_wconf 80' lang='lat' dir='ltr'><strong>quae</strong></span> <span class='ocrx_word' id='word_1_66' title='bbox 1025 1194 1031 1207; x_wconf 64' lang='lat'>‘</span> 
     </span>
     <span class='ocr_line' id='line_1_8' title="bbox 264 1303 1036 1398; baseline -0.003 -30"><span class='ocrx_word' id='word_1_67' title='bbox 264 1308 298 1370; x_wconf 91' lang='lat' dir='ltr'><strong>in</strong></span> <span class='ocrx_word' id='word_1_68' title='bbox 313 1304 475 1368; x_wconf 86' lang='lat' dir='ltr'><strong>defluxum</strong></span> <span class='ocrx_word' id='word_1_69' title='bbox 489 1326 580 1389; x_wconf 87' lang='lat' dir='ltr'><strong>aquae</strong></span> <span class='ocrx_word' id='word_1_70' title='bbox 594 1303 794 1387; x_wconf 88' lang='lat' dir='ltr'>impenditur,</span> <span class='ocrx_word' id='word_1_71' title='bbox 822 1314 858 1367; x_wconf 92' lang='lat' dir='ltr'><strong>nt</strong></span> <span class='ocrx_word' id='word_1_72' title='bbox 879 1325 963 1367; x_wconf 84' lang='lat' dir='ltr'><strong>sum·</strong></span> <span class='ocrx_word' id='word_1_73' title='bbox 1033 1385 1036 1398; x_wconf 37' lang='grc' dir='ltr'>Ι</span> 
     </span>
     <span class='ocr_line' id='line_1_9' title="bbox 263 1409 965 1496; baseline 0 -20"><span class='ocrx_word' id='word_1_74' title='bbox 263 1436 316 1476; x_wconf 87' lang='lat' dir='ltr'><strong>ma</strong></span> <span class='ocrx_word' id='word_1_75' title='bbox 337 1413 524 1476; x_wconf 86' lang='lat' dir='ltr'><strong>circulorum</strong></span> <span class='ocrx_word' id='word_1_76' title='bbox 539 1412 572 1477; x_wconf 89' lang='lat' dir='ltr'>A</span> <span class='ocrx_word' id='word_1_77' title='bbox 586 1411 616 1476; x_wconf 88' lang='grc' dir='ltr'><strong>Β</strong></span> <span class='ocrx_word' id='word_1_78' title='bbox 630 1423 662 1476; x_wconf 92' lang='lat' dir='ltr'><strong>et</strong></span> <span class='ocrx_word' id='word_1_79' title='bbox 677 1409 750 1475; x_wconf 89' lang='lat' dir='ltr'><strong>EF</strong></span> <span class='ocrx_word' id='word_1_80' title='bbox 769 1412 810 1475; x_wconf 83' lang='lat' dir='ltr'><strong>ad</strong></span> <span class='ocrx_word' id='word_1_81' title='bbox 832 1411 965 1496; x_wconf 87' lang='lat' dir='ltr'><strong>duplum</strong></span> 
     </span>
     <span class='ocr_line' id='line_1_10' title="bbox 263 1517 965 1587; baseline -0.004 -1"><span class='ocrx_word' id='word_1_82' title='bbox 263 1523 416 1587; x_wconf 83' lang='lat' dir='ltr'><strong>cimulum</strong></span> <span class='ocrx_word' id='word_1_83' title='bbox 441 1522 470 1585; x_wconf 85' lang='grc' dir='ltr'>Β</span> <span class='ocrx_word' id='word_1_84' title='bbox 494 1521 531 1585; x_wconf 87' lang='lat' dir='ltr'><strong>F.</strong></span> <span class='ocrx_word' id='word_1_85' title='bbox 577 1520 625 1585; x_wconf 91' lang='lat' dir='ltr'><strong>Sit</strong></span> <span class='ocrx_word' id='word_1_86' title='bbox 650 1519 735 1583; x_wconf 91' lang='lat' dir='ltr'><strong>enim</strong></span> <span class='ocrx_word' id='word_1_87' title='bbox 759 1519 776 1582; x_wconf 98' lang='grc' dir='ltr'>Ι</span> <span class='ocrx_word' id='word_1_88' title='bbox 799 1519 832 1584; x_wconf 91' lang='grc' dir='ltr'>Ο</span> <span class='ocrx_word' id='word_1_89' title='bbox 860 1517 965 1583; x_wconf 86' lang='lat' dir='ltr'><strong>media</strong></span> 
     </span>
     <span class='ocr_line' id='line_1_11' title="bbox 262 1627 964 1714; baseline -0.003 -22"><span class='ocrx_word' id='word_1_90' title='bbox 262 1629 504 1714; x_wconf 85' lang='lat' dir='ltr'><strong>proportionalis</strong></span> <span class='ocrx_word' id='word_1_91' title='bbox 515 1629 597 1693; x_wconf 89' lang='lat' dir='ltr'><strong>inter</strong></span> <span class='ocrx_word' id='word_1_92' title='bbox 612 1629 629 1693; x_wconf 95' lang='lat'><em>1</em></span> <span class='ocrx_word' id='word_1_93' title='bbox 642 1628 681 1692; x_wconf 94' lang='lat' dir='ltr'><strong>H</strong></span> <span class='ocrx_word' id='word_1_94' title='bbox 695 1641 726 1691; x_wconf 91' lang='lat' dir='ltr'><strong>et</strong></span> <span class='ocrx_word' id='word_1_95' title='bbox 741 1628 757 1693; x_wconf 95' lang='lat'><em>1</em></span> <span class='ocrx_word' id='word_1_96' title='bbox 770 1627 821 1703; x_wconf 92' lang='lat' dir='ltr'><strong>G;</strong></span> <span class='ocrx_word' id='word_1_97' title='bbox 837 1639 869 1691; x_wconf 90' lang='lat' dir='ltr'><strong>et</strong></span> <span class='ocrx_word' id='word_1_98' title='bbox 883 1649 964 1713; x_wconf 84' lang='lat' dir='ltr'><strong>aqua</strong></span> 
     </span>
     <span class='ocr_line' id='line_1_12' title="bbox 262 1733 965 1820; baseline 0 -23"><span class='ocrx_word' id='word_1_99' title='bbox 262 1757 320 1819; x_wconf 89' lang='lat' dir='ltr'><strong>per</strong></span> <span class='ocrx_word' id='word_1_100' title='bbox 340 1733 482 1798; x_wconf 88' lang='lat' dir='ltr'><strong>foramen</strong></span> <span class='ocrx_word' id='word_1_101' title='bbox 508 1733 537 1798; x_wconf 89' lang='lat' dir='ltr'>E</span> <span class='ocrx_word' id='word_1_102' title='bbox 554 1735 581 1797; x_wconf 93' lang='lat' dir='ltr'><strong>F</strong></span> <span class='ocrx_word' id='word_1_103' title='bbox 603 1735 776 1818; x_wconf 84' lang='lat' dir='ltr'><strong>egrediens,</strong></span> <span class='ocrx_word' id='word_1_104' title='bbox 803 1756 866 1820; x_wconf 92' lang='lat' dir='ltr'><strong>quo</strong></span> <span class='ocrx_word' id='word_1_105' title='bbox 884 1747 965 1798; x_wconf 89' lang='lat' dir='ltr'><strong>tern-</strong></span> 
     </span>
     <span class='ocr_line' id='line_1_13' title="bbox 261 1841 964 1935; baseline 0 -29"><span class='ocrx_word' id='word_1_106' title='bbox 261 1865 339 1926; x_wconf 84' lang='lat' dir='ltr'>pore</span> <span class='ocrx_word' id='word_1_107' title='bbox 353 1854 444 1930; x_wconf 86' lang='lat' dir='ltr'><strong>gutta</strong></span> <span class='ocrx_word' id='word_1_108' title='bbox 458 1841 600 1908; x_wconf 73' lang='lat' dir='ltr'><strong>cadomo</strong></span> <span class='ocrx_word' id='word_1_109' title='bbox 615 1843 656 1906; x_wconf 88' lang='lat' dir='ltr'><strong>ab</strong></span> <span class='ocrx_word' id='word_1_110' title='bbox 671 1843 687 1908; x_wconf 95' lang='lat'><em>1</em></span> <span class='ocrx_word' id='word_1_111' title='bbox 704 1843 880 1907; x_wconf 82' lang='lat' dir='ltr'>describere</span> <span class='ocrx_word' id='word_1_112' title='bbox 890 1863 964 1935; x_wconf 85' lang='lat' dir='ltr'><strong>pos-</strong></span> 
     </span>
     <span class='ocr_line' id='line_1_14' title="bbox 264 1948 964 2042; baseline -0.001 -29"><span class='ocrx_word' id='word_1_113' title='bbox 264 1962 312 2013; x_wconf 89' lang='lat' dir='ltr'><strong>set</strong></span> <span class='ocrx_word' id='word_1_114' title='bbox 334 1949 532 2042; x_wconf 76' lang='lat' dir='ltr'><strong>altitudinem</strong></span> <span class='ocrx_word' id='word_1_115' title='bbox 547 1948 565 2013; x_wconf 95' lang='lat' dir='ltr'>I</span> <span class='ocrx_word' id='word_1_116' title='bbox 581 1950 625 2028; x_wconf 90' lang='lat' dir='ltr'><strong>G,</strong></span> <span class='ocrx_word' id='word_1_117' title='bbox 648 1951 776 2037; x_wconf 85' lang='lat' dir='ltr'><strong>aeqnalis</strong></span> <span class='ocrx_word' id='word_1_118' title='bbox 792 1951 851 2015; x_wconf 90' lang='lat' dir='ltr'><strong>erit</strong></span> <span class='ocrx_word' id='word_1_119' title='bbox 866 1951 964 2038; x_wconf 87' lang='lat' dir='ltr'><strong>cylin-</strong></span> 
     </span>
     <span class='ocr_line' id='line_1_15' title="bbox 262 2059 963 2144; baseline -0.001 -21"><span class='ocrx_word' id='word_1_120' title='bbox 262 2061 321 2125; x_wconf 87' lang='lat' dir='ltr'><strong>dro</strong></span> <span class='ocrx_word' id='word_1_121' title='bbox 335 2062 423 2144; x_wconf 87' lang='lat' dir='ltr'><strong>cujus</strong></span> <span class='ocrx_word' id='word_1_122' title='bbox 437 2061 521 2124; x_wconf 85' lang='lat' dir='ltr'><strong>basis</strong></span> <span class='ocrx_word' id='word_1_123' title='bbox 533 2073 583 2125; x_wconf 88' lang='lat' dir='ltr'><strong>est</strong></span> <span class='ocrx_word' id='word_1_124' title='bbox 597 2060 731 2124; x_wconf 88' lang='lat' dir='ltr'><strong>circulus</strong></span> <span class='ocrx_word' id='word_1_125' title='bbox 755 2062 784 2125; x_wconf 88' lang='lat' dir='ltr'><strong>E</strong></span> <span class='ocrx_word' id='word_1_126' title='bbox 802 2061 830 2126; x_wconf 90' lang='lat' dir='ltr'><strong>F</strong></span> <span class='ocrx_word' id='word_1_127' title='bbox 847 2073 878 2125; x_wconf 90' lang='lat' dir='ltr'><strong>et</strong></span> <span class='ocrx_word' id='word_1_128' title='bbox 893 2059 963 2123; x_wconf 89' lang='lat' dir='ltr'><strong>alti·</strong></span> 
     </span>
     <span class='ocr_line' id='line_1_16' title="bbox 262 2163 1553 2254; baseline 0 -24"><span class='ocrx_word' id='word_1_129' title='bbox 262 2166 340 2230; x_wconf 92' lang='lat' dir='ltr'><strong>tudo</strong></span> <span class='ocrx_word' id='word_1_130' title='bbox 352 2167 469 2231; x_wconf 77' lang='lat' dir='ltr'><strong>est21</strong></span> <span class='ocrx_word' id='word_1_131' title='bbox 486 2167 529 2244; x_wconf 93' lang='lat' dir='ltr'><strong>G,</strong></span> <span class='ocrx_word' id='word_1_132' title='bbox 554 2166 659 2245; x_wconf 86' lang='lat' dir='ltr'><strong>idest,</strong></span> <span class='ocrx_word' id='word_1_133' title='bbox 685 2167 829 2254; x_wconf 87' lang='lat' dir='ltr'><strong>cylindro</strong></span> <span class='ocrx_word' id='word_1_134' title='bbox 854 2167 941 2252; x_wconf 88' lang='lat' dir='ltr'><strong>cujus</strong></span> <span class='ocrx_word' id='word_1_135' title='bbox 966 2165 1050 2230; x_wconf 84' lang='lat' dir='ltr'><strong>basis</strong></span> <span class='ocrx_word' id='word_1_136' title='bbox 1072 2174 1120 2228; x_wconf 86' lang='lat' dir='ltr'><strong>est</strong></span> <span class='ocrx_word' id='word_1_137' title='bbox 1134 2163 1268 2228; x_wconf 84' lang='lat' dir='ltr'><strong>circulus</strong></span> <span class='ocrx_word' id='word_1_138' title='bbox 1284 2165 1315 2229; x_wconf 90' lang='lat' dir='ltr'>A</span> <span class='ocrx_word' id='word_1_139' title='bbox 1332 2165 1361 2228; x_wconf 88' lang='lat' dir='ltr'><strong>B</strong></span> <span class='ocrx_word' id='word_1_140' title='bbox 1376 2178 1408 2230; x_wconf 89' lang='lat' dir='ltr'><strong>et</strong></span> <span class='ocrx_word' id='word_1_141' title='bbox 1422 2166 1553 2236; x_wconf 87' lang='lat' dir='ltr'><strong>altitudo</strong></span> 
     </span>
     <span class='ocr_line' id='line_1_17' title="bbox 177 2271 1553 2358; baseline 0.001 -23"><span class='ocrx_word' id='word_1_142' title='bbox 177 2319 184 2346; x_wconf 75' lang='lat'><strong>,</strong></span> <span class='ocrx_word' id='word_1_143' title='bbox 261 2287 309 2335; x_wconf 91' lang='lat' dir='ltr'><strong>est</strong></span> <span class='ocrx_word' id='word_1_144' title='bbox 324 2281 344 2334; x_wconf 92' lang='grc'><strong>2</strong></span> <span class='ocrx_word' id='word_1_145' title='bbox 361 2273 377 2336; x_wconf 95' lang='grc' dir='ltr'>Ι</span> <span class='ocrx_word' id='word_1_146' title='bbox 397 2273 438 2349; x_wconf 91' lang='lat'><strong>0,</strong></span> <span class='ocrx_word' id='word_1_147' title='bbox 463 2275 500 2358; x_wconf 77' lang='lat'><strong>(‘)</strong></span> <span class='ocrx_word' id='word_1_148' title='bbox 516 2295 590 2336; x_wconf 91' lang='lat' dir='ltr'><strong>nam</strong></span> <span class='ocrx_word' id='word_1_149' title='bbox 611 2273 745 2337; x_wconf 89' lang='lat' dir='ltr'><strong>circulus</strong></span> <span class='ocrx_word' id='word_1_150' title='bbox 761 2274 790 2337; x_wconf 88' lang='lat' dir='ltr'><strong>E</strong></span> <span class='ocrx_word' id='word_1_151' title='bbox 807 2273 835 2336; x_wconf 95' lang='lat' dir='ltr'><strong>F</strong></span> <span class='ocrx_word' id='word_1_152' title='bbox 849 2285 896 2336; x_wconf 88' lang='lat' dir='ltr'><strong>est</strong></span> <span class='ocrx_word' id='word_1_153' title='bbox 913 2272 954 2336; x_wconf 88' lang='lat' dir='ltr'><strong>ad</strong></span> <span class='ocrx_word' id='word_1_154' title='bbox 969 2271 1120 2336; x_wconf 73' lang='lat' dir='ltr'><strong>annulum</strong></span> <span class='ocrx_word' id='word_1_155' title='bbox 1136 2271 1211 2338; x_wconf 84' lang='lat' dir='ltr'><strong>AB</strong></span> <span class='ocrx_word' id='word_1_156' title='bbox 1226 2272 1259 2334; x_wconf 80' lang='lat' dir='ltr'><strong>in</strong></span> <span class='ocrx_word' id='word_1_157' title='bbox 1275 2271 1489 2356; x_wconf 68' lang='lat' dir='ltr'><strong>subduplicati</strong></span> <span class='ocrx_word' id='word_1_158' title='bbox 1505 2295 1553 2336; x_wconf 83' lang='lat' dir='ltr'><strong>ra·</strong></span> 
     </span>
     <span class='ocr_line' id='line_1_18' title="bbox 261 2377 1552 2460; baseline -0.001 -16"><span class='ocrx_word' id='word_1_159' title='bbox 261 2381 346 2444; x_wconf 89' lang='lat' dir='ltr'><strong>tione</strong></span> <span class='ocrx_word' id='word_1_160' title='bbox 361 2380 532 2444; x_wconf 84' lang='lat' dir='ltr'><strong>altitudinis</strong></span> <span class='ocrx_word' id='word_1_161' title='bbox 548 2380 565 2443; x_wconf 98' lang='grc' dir='ltr'>Ι</span> <span class='ocrx_word' id='word_1_162' title='bbox 583 2381 620 2444; x_wconf 94' lang='grc' dir='ltr'><em>Η</em></span> <span class='ocrx_word' id='word_1_163' title='bbox 634 2382 675 2459; x_wconf 87' lang='lat' dir='ltr'><strong>ad</strong></span> <span class='ocrx_word' id='word_1_164' title='bbox 689 2381 886 2445; x_wconf 82' lang='lat' dir='ltr'><strong>altitudinem</strong></span> <span class='ocrx_word' id='word_1_165' title='bbox 901 2380 918 2444; x_wconf 94' lang='lat'><em>1</em></span> <span class='ocrx_word' id='word_1_166' title='bbox 935 2381 977 2458; x_wconf 90' lang='lat' dir='ltr'><strong>G,</strong></span> <span class='ocrx_word' id='word_1_167' title='bbox 992 2379 1121 2456; x_wconf 79' lang='lat' dir='ltr'><strong>honest,</strong></span> <span class='ocrx_word' id='word_1_168' title='bbox 1144 2378 1179 2444; x_wconf 87' lang='lat' dir='ltr'><strong>in</strong></span> <span class='ocrx_word' id='word_1_169' title='bbox 1200 2377 1333 2460; x_wconf 88' lang='lat' dir='ltr'><strong>simplici</strong></span> <span class='ocrx_word' id='word_1_170' title='bbox 1351 2379 1473 2441; x_wconf 86' lang='lat' dir='ltr'><strong>ratione</strong></span> <span class='ocrx_word' id='word_1_171' title='bbox 1487 2399 1552 2443; x_wconf 87' lang='lat' dir='ltr'><strong>tue·</strong></span> 
     </span>
     <span class='ocr_line' id='line_1_19' title="bbox 261 2487 1552 2574; baseline -0.001 -23"><span class='ocrx_word' id='word_1_172' title='bbox 261 2489 323 2552; x_wconf 88' lang='lat' dir='ltr'><strong>diae</strong></span> <span class='ocrx_word' id='word_1_173' title='bbox 337 2489 580 2574; x_wconf 84' lang='lat' dir='ltr'><strong>proportionalis</strong></span> <span class='ocrx_word' id='word_1_174' title='bbox 597 2489 613 2552; x_wconf 94' lang='lat' dir='ltr'>I</span> <span class='ocrx_word' id='word_1_175' title='bbox 628 2489 662 2553; x_wconf 92' lang='grc' dir='ltr'>Ο</span> <span class='ocrx_word' id='word_1_176' title='bbox 676 2489 717 2553; x_wconf 90' lang='lat' dir='ltr'><strong>ad</strong></span> <span class='ocrx_word' id='word_1_177' title='bbox 731 2489 928 2553; x_wconf 88' lang='lat' dir='ltr'><strong>altitudinem</strong></span> <span class='ocrx_word' id='word_1_178' title='bbox 943 2489 959 2554; x_wconf 95' lang='lat'><em>1</em></span> <span class='ocrx_word' id='word_1_179' title='bbox 977 2489 1027 2554; x_wconf 87' lang='lat' dir='ltr'><strong>G:</strong></span> <span class='ocrx_word' id='word_1_180' title='bbox 1050 2497 1083 2551; x_wconf 89' lang='lat' dir='ltr'><strong>et</strong></span> <span class='ocrx_word' id='word_1_181' title='bbox 1097 2509 1161 2573; x_wconf 93' lang='lat' dir='ltr'><strong>quo</strong></span> <span class='ocrx_word' id='word_1_182' title='bbox 1174 2497 1317 2570; x_wconf 84' lang='lat' dir='ltr'><strong>tempore</strong></span> <span class='ocrx_word' id='word_1_183' title='bbox 1331 2497 1421 2573; x_wconf 77' lang='lat' dir='ltr'><strong>gutta</strong></span> <span class='ocrx_word' id='word_1_184' title='bbox 1435 2487 1552 2552; x_wconf 84' lang='lat' dir='ltr'><strong>caden-</strong></span> 
     </span>
     <span class='ocr_line' id='line_1_20' title="bbox 260 2593 1552 2683; baseline 0 -23"><span class='ocrx_word' id='word_1_185' title='bbox 260 2597 303 2661; x_wconf 89' lang='lat' dir='ltr'><strong>do</strong></span> <span class='ocrx_word' id='word_1_186' title='bbox 317 2599 357 2662; x_wconf 86' lang='lat' dir='ltr'><strong>ab</strong></span> <span class='ocrx_word' id='word_1_187' title='bbox 373 2599 390 2662; x_wconf 96' lang='lat' dir='ltr'>I</span> <span class='ocrx_word' id='word_1_188' title='bbox 405 2600 582 2664; x_wconf 84' lang='lat' dir='ltr'><strong>describere</strong></span> <span class='ocrx_word' id='word_1_189' title='bbox 595 2611 699 2683; x_wconf 90' lang='lat' dir='ltr'><strong>potest</strong></span> <span class='ocrx_word' id='word_1_190' title='bbox 713 2599 908 2664; x_wconf 87' lang='lat' dir='ltr'><strong>altitudinem</strong></span> <span class='ocrx_word' id='word_1_191' title='bbox 924 2599 941 2662; x_wconf 96' lang='lat' dir='ltr'>I</span> <span class='ocrx_word' id='word_1_192' title='bbox 957 2597 1005 2674; x_wconf 93' lang='lat' dir='ltr'><strong>H,</strong></span> <span class='ocrx_word' id='word_1_193' title='bbox 1022 2619 1102 2682; x_wconf 82' lang='lat' dir='ltr'><strong>aqua</strong></span> <span class='ocrx_word' id='word_1_194' title='bbox 1116 2595 1280 2683; x_wconf 88' lang='lat' dir='ltr'><strong>egrediens</strong></span> <span class='ocrx_word' id='word_1_195' title='bbox 1294 2593 1329 2678; x_wconf 69' lang='lat' dir='ltr'><strong>(s)</strong></span> <span class='ocrx_word' id='word_1_196' title='bbox 1345 2595 1477 2680; x_wconf 77' lang='lat' dir='ltr'><strong>aequalis</strong></span> <span class='ocrx_word' id='word_1_197' title='bbox 1493 2597 1552 2660; x_wconf 91' lang='lat' dir='ltr'><strong>erit</strong></span> 
     </span>
     <span class='ocr_line' id='line_1_21' title="bbox 259 2685 1549 2795; baseline -0.002 -24"><span class='ocrx_word' id='word_1_198' title='bbox 259 2685 402 2794; x_wconf 73' lang='lat' dir='ltr'><strong>cylindro</strong></span> <span class='ocrx_word' id='word_1_199' title='bbox 423 2710 511 2795; x_wconf 92' lang='lat' dir='ltr'><strong>cujus</strong></span> <span class='ocrx_word' id='word_1_200' title='bbox 532 2709 616 2772; x_wconf 85' lang='lat' dir='ltr'><strong>basis</strong></span> <span class='ocrx_word' id='word_1_201' title='bbox 630 2721 678 2773; x_wconf 90' lang='lat' dir='ltr'><strong>est</strong></span> <span class='ocrx_word' id='word_1_202' title='bbox 692 2710 827 2773; x_wconf 87' lang='lat' dir='ltr'><strong>circulus</strong></span> <span class='ocrx_word' id='word_1_203' title='bbox 843 2709 874 2772; x_wconf 90' lang='lat' dir='ltr'>A</span> <span class='ocrx_word' id='word_1_204' title='bbox 891 2709 919 2772; x_wconf 93' lang='grc' dir='ltr'>Β</span> <span class='ocrx_word' id='word_1_205' title='bbox 934 2719 966 2771; x_wconf 91' lang='lat' dir='ltr'><strong>et</strong></span> <span class='ocrx_word' id='word_1_206' title='bbox 980 2705 1112 2770; x_wconf 89' lang='lat' dir='ltr'><strong>altitudo</strong></span> <span class='ocrx_word' id='word_1_207' title='bbox 1126 2717 1173 2769; x_wconf 87' lang='lat' dir='ltr'><strong>est</strong></span> <span class='ocrx_word' id='word_1_208' title='bbox 1188 2713 1208 2768; x_wconf 88' lang='grc'><strong>2</strong></span> <span class='ocrx_word' id='word_1_209' title='bbox 1224 2704 1241 2769; x_wconf 94' lang='grc' dir='ltr'>Ι</span> <span class='ocrx_word' id='word_1_210' title='bbox 1258 2705 1315 2770; x_wconf 83' lang='lat' dir='ltr'><strong>H:</strong></span> <span class='ocrx_word' id='word_1_211' title='bbox 1339 2717 1370 2768; x_wconf 89' lang='lat' dir='ltr'><strong>et</strong></span> <span class='ocrx_word' id='word_1_212' title='bbox 1385 2727 1449 2790; x_wconf 92' lang='lat' dir='ltr'><strong>quo</strong></span> <span class='ocrx_word' id='word_1_213' title='bbox 1471 2717 1549 2768; x_wconf 80' lang='lat' dir='ltr'><strong>teus·</strong></span> 
     </span>
     <span class='ocr_line' id='line_1_22' title="bbox 258 2811 1551 2903; baseline -0.002 -24"><span class='ocrx_word' id='word_1_214' title='bbox 258 2836 336 2900; x_wconf 86' lang='lat' dir='ltr'><strong>pore</strong></span> <span class='ocrx_word' id='word_1_215' title='bbox 361 2827 450 2903; x_wconf 85' lang='lat' dir='ltr'><strong>gutta</strong></span> <span class='ocrx_word' id='word_1_216' title='bbox 471 2815 614 2881; x_wconf 84' lang='lat' dir='ltr'><strong>cadendo</strong></span> <span class='ocrx_word' id='word_1_217' title='bbox 634 2816 674 2881; x_wconf 85' lang='lat' dir='ltr'><strong>ab</strong></span> <span class='ocrx_word' id='word_1_218' title='bbox 689 2817 706 2881; x_wconf 96' lang='lat' dir='ltr'>I</span> <span class='ocrx_word' id='word_1_219' title='bbox 721 2839 779 2902; x_wconf 90' lang='lat' dir='ltr'><strong>per</strong></span> <span class='ocrx_word' id='word_1_220' title='bbox 795 2816 833 2883; x_wconf 90' lang='lat' dir='ltr'>H</span> <span class='ocrx_word' id='word_1_221' title='bbox 848 2817 888 2881; x_wconf 86' lang='lat' dir='ltr'><strong>ad</strong></span> <span class='ocrx_word' id='word_1_222' title='bbox 904 2815 938 2881; x_wconf 99' lang='lat' dir='ltr'><strong>G</strong></span> <span class='ocrx_word' id='word_1_223' title='bbox 952 2813 1101 2879; x_wconf 87' lang='lat' dir='ltr'><strong>describit</strong></span> <span class='ocrx_word' id='word_1_224' title='bbox 1121 2812 1319 2878; x_wconf 86' lang='lat' dir='ltr'><strong>altitudinum</strong></span> <span class='ocrx_word' id='word_1_225' title='bbox 1342 2811 1551 2877; x_wconf 82' lang='lat' dir='ltr'><strong>differentiam</strong></span> 
     </span>
    </p>
   </div>
   <div class='ocr_carea' id='block_1_3' title="bbox 150 2920 1551 3011">
    <p class='ocr_par' dir='ltr' id='par_1_4' title="bbox 150 2920 1551 3011">
     <span class='ocr_line' id='line_1_23' title="bbox 150 2920 1551 3011; baseline -0.003 -21"><span class='ocrx_word' id='word_1_226' title='bbox 150 2987 152 2990; x_wconf 81' lang='grc'><strong>,</strong></span> <span class='ocrx_word' id='word_1_227' title='bbox 260 2922 299 2985; x_wconf 94' lang='grc' dir='ltr'>Η</span> <span class='ocrx_word' id='word_1_228' title='bbox 315 2922 357 2999; x_wconf 92' lang='lat' dir='ltr'><strong>G,</strong></span> <span class='ocrx_word' id='word_1_229' title='bbox 374 2946 456 3009; x_wconf 90' lang='lat' dir='ltr'><strong>aqua</strong></span> <span class='ocrx_word' id='word_1_230' title='bbox 469 2924 643 3011; x_wconf 83' lang='lat' dir='ltr'><strong>egrediens,</strong></span> <span class='ocrx_word' id='word_1_231' title='bbox 661 2926 701 3009; x_wconf 62' lang='grc' dir='ltr'><strong>(ὅ)</strong></span> <span class='ocrx_word' id='word_1_232' title='bbox 710 2925 742 2988; x_wconf 91' lang='lat' dir='ltr'><strong>id</strong></span> <span class='ocrx_word' id='word_1_233' title='bbox 757 2937 814 3001; x_wconf 88' lang='lat' dir='ltr'><strong>est,</strong></span> <span class='ocrx_word' id='word_1_234' title='bbox 831 2946 911 3009; x_wconf 84' lang='lat' dir='ltr'><strong>nque</strong></span> <span class='ocrx_word' id='word_1_235' title='bbox 925 2934 992 2987; x_wconf 88' lang='lat' dir='ltr'><strong>tota</strong></span> <span class='ocrx_word' id='word_1_236' title='bbox 1005 2923 1038 2985; x_wconf 89' lang='lat' dir='ltr'><strong>iu</strong></span> <span class='ocrx_word' id='word_1_237' title='bbox 1053 2922 1153 2986; x_wconf 88' lang='lat' dir='ltr'><strong>solido</strong></span> <span class='ocrx_word' id='word_1_238' title='bbox 1171 2922 1200 2987; x_wconf 91' lang='lat' dir='ltr'>A</span> <span class='ocrx_word' id='word_1_239' title='bbox 1217 2922 1247 2986; x_wconf 93' lang='grc' dir='ltr'>Β</span> <span class='ocrx_word' id='word_1_240' title='bbox 1262 2921 1295 2986; x_wconf 91' lang='lat' dir='ltr'>N</span> <span class='ocrx_word' id='word_1_241' title='bbox 1308 2920 1335 2985; x_wconf 90' lang='lat' dir='ltr'><strong>F</strong></span> <span class='ocrx_word' id='word_1_242' title='bbox 1347 2922 1377 2985; x_wconf 88' lang='lat' dir='ltr'><strong>E</strong></span> <span class='ocrx_word' id='word_1_243' title='bbox 1390 2922 1430 2986; x_wconf 93' lang='lat' dir='ltr'>M</span> <span class='ocrx_word' id='word_1_244' title='bbox 1446 2944 1551 3008; x_wconf 84' lang='lat' dir='ltr'><strong>aequa·</strong></span> 
     </span>
    </p>
   </div>
   <div class='ocr_carea' id='block_1_4' title="bbox 225 3122 1563 4857">
    <p class='ocr_par' dir='ltr' id='par_1_5' title="bbox 258 3122 1552 3441">
     <span class='ocr_line' id='line_1_24' title="bbox 258 3122 1551 3190; baseline 0 -17"><span class='ocrx_word' id='word_1_245' title='bbox 258 3122 363 3173; x_wconf 64' lang='lat' dir='ltr'><strong>norw</strong></span> <span class='ocrx_word' id='word_1_246' title='bbox 394 3124 452 3174; x_wconf 83' lang='lat' dir='ltr'><strong>Jam</strong></span> <span class='ocrx_word' id='word_1_247' title='bbox 461 3124 517 3173; x_wconf 73' lang='lat' dir='ltr'><strong>vero</strong></span> <span class='ocrx_word' id='word_1_248' title='bbox 526 3126 598 3190; x_wconf 74' lang='lat' dir='ltr'><strong>hujus</strong></span> <span class='ocrx_word' id='word_1_249' title='bbox 609 3126 665 3175; x_wconf 85' lang='lat' dir='ltr'><strong>cor.</strong></span> <span class='ocrx_word' id='word_1_250' title='bbox 676 3132 699 3174; x_wconf 76' lang='lat' dir='ltr'><strong>a</strong></span> <span class='ocrx_word' id='word_1_251' title='bbox 711 3126 888 3175; x_wconf 75' lang='lat' dir='ltr'><strong>densonsnatio·</strong></span> <span class='ocrx_word' id='word_1_252' title='bbox 919 3126 1020 3175; x_wconf 82' lang='lat' dir='ltr'><strong>altitudo</strong></span> <span class='ocrx_word' id='word_1_253' title='bbox 1032 3126 1056 3175; x_wconf 98' lang='lat' dir='ltr'><strong>G</strong></span> <span class='ocrx_word' id='word_1_254' title='bbox 1064 3126 1088 3183; x_wconf 87' lang='grc' dir='ltr'><strong>Ι,</strong></span> <span class='ocrx_word' id='word_1_255' title='bbox 1099 3134 1134 3177; x_wconf 86' lang='lat' dir='ltr'><strong>eet</strong></span> <span class='ocrx_word' id='word_1_256' title='bbox 1145 3125 1175 3177; x_wconf 79' lang='lat' dir='ltr'><strong>tul</strong></span> <span class='ocrx_word' id='word_1_257' title='bbox 1185 3126 1233 3175; x_wconf 85' lang='lat' dir='ltr'><strong>rim</strong></span> <span class='ocrx_word' id='word_1_258' title='bbox 1244 3125 1291 3190; x_wconf 78' lang='lat' dir='ltr'><strong>qui</strong></span> <span class='ocrx_word' id='word_1_259' title='bbox 1301 3134 1364 3175; x_wconf 86' lang='lat' dir='ltr'><strong>totus</strong></span> <span class='ocrx_word' id='word_1_260' title='bbox 1374 3141 1444 3189; x_wconf 72' lang='lat' dir='ltr'><strong>aque</strong></span> <span class='ocrx_word' id='word_1_261' title='bbox 1454 3126 1551 3175; x_wconf 80' lang='lat' dir='ltr'><strong>exilian-</strong></span> 
     </span>
     <span class='ocr_line' id='line_1_25' title="bbox 259 3187 1552 3254; baseline 0.002 -19"><span class='ocrx_word' id='word_1_262' title='bbox 259 3204 315 3237; x_wconf 88' lang='lat' dir='ltr'><strong>nem</strong></span> <span class='ocrx_word' id='word_1_263' title='bbox 330 3187 438 3235; x_wconf 86' lang='lat' dir='ltr'><strong>dedimus</strong></span> <span class='ocrx_word' id='word_1_264' title='bbox 455 3189 551 3253; x_wconf 83' lang='grc'><strong>(274.);</strong></span> <span class='ocrx_word' id='word_1_265' title='bbox 571 3191 648 3249; x_wconf 77' lang='lat' dir='ltr'><strong>aliem,</strong></span> <span class='ocrx_word' id='word_1_266' title='bbox 665 3206 738 3253; x_wconf 91' lang='lat' dir='ltr'><strong>quam</strong></span> <span class='ocrx_word' id='word_1_267' title='bbox 758 3194 889 3239; x_wconf 81' lang='lat' dir='ltr'><strong>Nesstonua</strong></span> <span class='ocrx_word' id='word_1_268' title='bbox 920 3192 1038 3239; x_wconf 88' lang='lat' dir='ltr'><strong>tismotus</strong></span> <span class='ocrx_word' id='word_1_269' title='bbox 1054 3192 1160 3254; x_wconf 83' lang='lat' dir='ltr'><strong>generari</strong></span> <span class='ocrx_word' id='word_1_270' title='bbox 1178 3200 1253 3251; x_wconf 83' lang='lat' dir='ltr'><strong>potest</strong></span> <span class='ocrx_word' id='word_1_271' title='bbox 1268 3201 1296 3238; x_wconf 91' lang='lat' dir='ltr'><strong>ut</strong></span> <span class='ocrx_word' id='word_1_272' title='bbox 1309 3196 1319 3237; x_wconf 92' lang='lat' dir='ltr'><strong>l</strong></span> <span class='ocrx_word' id='word_1_273' title='bbox 1333 3190 1363 3237; x_wconf 92' lang='lat' dir='ltr'><strong>ad</strong></span> <span class='ocrx_word' id='word_1_274' title='bbox 1374 3197 1398 3248; x_wconf 79' lang='lat'><strong>2,</strong></span> <span class='ocrx_word' id='word_1_275' title='bbox 1414 3200 1441 3237; x_wconf 92' lang='lat' dir='ltr'><strong>et</strong></span> <span class='ocrx_word' id='word_1_276' title='bbox 1451 3190 1552 3250; x_wconf 86' lang='lat' dir='ltr'><strong>proinde</strong></span> 
     </span>
     <span class='ocr_line' id='line_1_26' title="bbox 258 3252 1551 3317; baseline 0.001 -18"><span class='ocrx_word' id='word_1_277' title='bbox 258 3252 353 3307; x_wconf 86' lang='lat' dir='ltr'><strong>indicat,</strong></span> <span class='ocrx_word' id='word_1_278' title='bbox 372 3262 530 3311; x_wconf 70' lang='lat' dir='ltr'><strong>uposummt</strong></span> <span class='ocrx_word' id='word_1_279' title='bbox 543 3254 628 3302; x_wconf 85' lang='lat' dir='ltr'><strong>Comes</strong></span> <span class='ocrx_word' id='word_1_280' title='bbox 646 3256 757 3302; x_wconf 84' lang='lat' dir='ltr'><strong>Riocatus</strong></span> <span class='ocrx_word' id='word_1_281' title='bbox 772 3257 798 3303; x_wconf 88' lang='lat' dir='ltr'><strong>in</strong></span> <span class='ocrx_word' id='word_1_282' title='bbox 814 3255 889 3303; x_wconf 86' lang='lat' dir='ltr'><strong>citatis</strong></span> <span class='ocrx_word' id='word_1_283' title='bbox 920 3257 970 3302; x_wconf 78' lang='lat' dir='ltr'><strong>hac</strong></span> <span class='ocrx_word' id='word_1_284' title='bbox 980 3255 1015 3301; x_wconf 85' lang='lat' dir='ltr'><strong>ris</strong></span> <span class='ocrx_word' id='word_1_285' title='bbox 1025 3256 1121 3317; x_wconf 84' lang='lat' dir='ltr'><strong>aequalis</strong></span> <span class='ocrx_word' id='word_1_286' title='bbox 1131 3262 1165 3301; x_wconf 87' lang='lat' dir='ltr'><strong>est</strong></span> <span class='ocrx_word' id='word_1_287' title='bbox 1175 3254 1272 3315; x_wconf 82' lang='lat' dir='ltr'><strong>ponderi</strong></span> <span class='ocrx_word' id='word_1_288' title='bbox 1282 3254 1416 3315; x_wconf 81' lang='lat' dir='ltr'><strong>cylindricae</strong></span> <span class='ocrx_word' id='word_1_289' title='bbox 1432 3255 1551 3301; x_wconf 69' lang='lat' dir='ltr'><strong>notumne</strong></span> 
     </span>
     <span class='ocr_line' id='line_1_27' title="bbox 259 3315 1551 3383; baseline -0.002 -18"><span class='ocrx_word' id='word_1_290' title='bbox 259 3315 478 3374; x_wconf 82' lang='lat' dir='ltr'><strong>Exercitationibua,</strong></span> <span class='ocrx_word' id='word_1_291' title='bbox 497 3326 522 3364; x_wconf 87' lang='lat' dir='ltr'><strong>et</strong></span> <span class='ocrx_word' id='word_1_292' title='bbox 538 3318 681 3367; x_wconf 83' lang='lat' dir='ltr'><strong>Eustaobiua</strong></span> <span class='ocrx_word' id='word_1_293' title='bbox 695 3319 845 3367; x_wconf 82' lang='lat' dir='ltr'><strong>Manfrediue</strong></span> <span class='ocrx_word' id='word_1_294' title='bbox 860 3322 886 3367; x_wconf 90' lang='lat' dir='ltr'><strong>in</strong></span> <span class='ocrx_word' id='word_1_295' title='bbox 917 3335 984 3382; x_wconf 80' lang='lat' dir='ltr'><strong>aque</strong></span> <span class='ocrx_word' id='word_1_296' title='bbox 1000 3320 1068 3383; x_wconf 86' lang='lat' dir='ltr'><strong>cujus</strong></span> <span class='ocrx_word' id='word_1_297' title='bbox 1085 3319 1145 3367; x_wconf 88' lang='lat' dir='ltr'><strong>basis</strong></span> <span class='ocrx_word' id='word_1_298' title='bbox 1163 3328 1187 3367; x_wconf 88' lang='lat' dir='ltr'><strong>et</strong></span> <span class='ocrx_word' id='word_1_299' title='bbox 1201 3320 1306 3367; x_wconf 87' lang='lat' dir='ltr'><strong>foramen</strong></span> <span class='ocrx_word' id='word_1_300' title='bbox 1323 3319 1346 3367; x_wconf 84' lang='lat' dir='ltr'><strong>E</strong></span> <span class='ocrx_word' id='word_1_301' title='bbox 1366 3318 1428 3367; x_wconf 85' lang='lat' dir='ltr'><strong>Fet</strong></span> <span class='ocrx_word' id='word_1_302' title='bbox 1450 3316 1551 3365; x_wconf 84' lang='lat' dir='ltr'><strong>altitudo</strong></span> 
     </span>
     <span class='ocr_line' id='line_1_28' title="bbox 261 3380 1144 3441; baseline 0.001 -13"><span class='ocrx_word' id='word_1_303' title='bbox 261 3380 459 3428; x_wconf 80' lang='lat' dir='ltr'><strong>Adnotatiombus</strong></span> <span class='ocrx_word' id='word_1_304' title='bbox 469 3380 500 3427; x_wconf 89' lang='lat' dir='ltr'><strong>ad</strong></span> <span class='ocrx_word' id='word_1_305' title='bbox 510 3396 560 3441; x_wconf 83' lang='lat' dir='ltr'><strong>cap.</strong></span> <span class='ocrx_word' id='word_1_306' title='bbox 575 3386 597 3429; x_wconf 88' lang='lat'><strong>1.</strong></span> <span class='ocrx_word' id='word_1_307' title='bbox 613 3382 735 3431; x_wconf 83' lang='lat' dir='ltr'><strong>Tractatris</strong></span> <span class='ocrx_word' id='word_1_308' title='bbox 748 3382 887 3431; x_wconf 87' lang='lat' dir='ltr'><strong>Guilelmini</strong></span> <span class='ocrx_word' id='word_1_309' title='bbox 921 3390 936 3432; x_wconf 87' lang='grc'><strong>2</strong></span> <span class='ocrx_word' id='word_1_310' title='bbox 949 3384 973 3431; x_wconf 91' lang='lat' dir='ltr'><strong>G</strong></span> <span class='ocrx_word' id='word_1_311' title='bbox 985 3384 1007 3431; x_wconf 92' lang='lat'><strong>1.</strong></span> <span class='ocrx_word' id='word_1_312' title='bbox 1043 3384 1074 3438; x_wconf 73' lang='lat' dir='ltr'><strong>Q,</strong></span> <span class='ocrx_word' id='word_1_313' title='bbox 1088 3398 1108 3430; x_wconf 85' lang='lat' dir='ltr'><strong>e.</strong></span> <span class='ocrx_word' id='word_1_314' title='bbox 1121 3382 1144 3429; x_wconf 80' lang='lat' dir='ltr'><strong>d.</strong></span> 
     </span>
    </p>

    <p class='ocr_par' dir='ltr' id='par_1_6' title="bbox 225 3444 1556 4087">
     <span class='ocr_line' id='line_1_29' title="bbox 258 3444 1550 3512; baseline 0.002 -20"><span class='ocrx_word' id='word_1_315' title='bbox 258 3445 289 3492; x_wconf 92' lang='lat' dir='ltr'><strong>de</strong></span> <span class='ocrx_word' id='word_1_316' title='bbox 296 3445 388 3492; x_wconf 84' lang='lat' dir='ltr'><strong>Natura</strong></span> <span class='ocrx_word' id='word_1_317' title='bbox 396 3444 616 3509; x_wconf 89' lang='lat' dir='ltr'><strong>Flumiuum(qnod</strong></span> <span class='ocrx_word' id='word_1_318' title='bbox 623 3446 827 3512; x_wconf 71' lang='lat' dir='ltr'><strong>praeclaromopus</strong></span> <span class='ocrx_word' id='word_1_319' title='bbox 835 3457 888 3508; x_wconf 86' lang='lat' dir='ltr'><strong>post</strong></span> <span class='ocrx_word' id='word_1_320' title='bbox 951 3448 986 3512; x_wconf 79' lang='lat' dir='ltr'><strong>(e)</strong></span> <span class='ocrx_word' id='word_1_321' title='bbox 999 3450 1012 3479; x_wconf 65' lang='lat' dir='ltr'><strong>i</strong></span> <span class='ocrx_word' id='word_1_322' title='bbox 1022 3450 1088 3495; x_wconf 86' lang='lat' dir='ltr'><strong>Nam</strong></span> <span class='ocrx_word' id='word_1_323' title='bbox 1099 3450 1199 3496; x_wconf 83' lang='lat' dir='ltr'><strong>circulus</strong></span> <span class='ocrx_word' id='word_1_324' title='bbox 1207 3450 1231 3495; x_wconf 87' lang='grc' dir='ltr'><em>Ε</em></span> <span class='ocrx_word' id='word_1_325' title='bbox 1240 3450 1266 3496; x_wconf 88' lang='lat' dir='ltr'><strong>F</strong></span> <span class='ocrx_word' id='word_1_326' title='bbox 1273 3456 1305 3495; x_wconf 78' lang='lat' dir='ltr'><strong>est</strong></span> <span class='ocrx_word' id='word_1_327' title='bbox 1313 3450 1344 3495; x_wconf 82' lang='lat' dir='ltr'><strong>od</strong></span> <span class='ocrx_word' id='word_1_328' title='bbox 1354 3449 1475 3496; x_wconf 80' lang='lat' dir='ltr'><strong>oircnlum</strong></span> <span class='ocrx_word' id='word_1_329' title='bbox 1484 3449 1509 3495; x_wconf 85' lang='lat' dir='ltr'>A</span> <span class='ocrx_word' id='word_1_330' title='bbox 1518 3450 1550 3503; x_wconf 86' lang='lat' dir='ltr'><strong>B,</strong></span> 
     </span>
     <span class='ocr_line' id='line_1_30' title="bbox 258 3508 1552 3573; baseline 0.002 -17"><span class='ocrx_word' id='word_1_331' title='bbox 258 3510 306 3556; x_wconf 81' lang='lat' dir='ltr'><strong>fata</strong></span> <span class='ocrx_word' id='word_1_332' title='bbox 318 3508 405 3555; x_wconf 88' lang='lat' dir='ltr'><strong>summi</strong></span> <span class='ocrx_word' id='word_1_333' title='bbox 420 3508 472 3565; x_wconf 84' lang='lat' dir='ltr'><strong>riri,</strong></span> <span class='ocrx_word' id='word_1_334' title='bbox 489 3509 574 3557; x_wconf 84' lang='lat' dir='ltr'><strong>clariss.</strong></span> <span class='ocrx_word' id='word_1_335' title='bbox 587 3510 669 3558; x_wconf 76' lang='lat' dir='ltr'><strong>batres</strong></span> <span class='ocrx_word' id='word_1_336' title='bbox 681 3512 777 3559; x_wconf 84' lang='lat' dir='ltr'><strong>Gabriel</strong></span> <span class='ocrx_word' id='word_1_337' title='bbox 792 3521 816 3559; x_wconf 89' lang='lat' dir='ltr'><strong>et</strong></span> <span class='ocrx_word' id='word_1_338' title='bbox 834 3512 886 3559; x_wconf 87' lang='lat' dir='ltr'><strong>He·</strong></span> <span class='ocrx_word' id='word_1_339' title='bbox 917 3514 944 3560; x_wconf 78' lang='lat' dir='ltr'><strong>ira</strong></span> <span class='ocrx_word' id='word_1_340' title='bbox 954 3509 1114 3573; x_wconf 73' lang='lat' dir='ltr'><strong>nslduplt&#39;catd</strong></span> <span class='ocrx_word' id='word_1_341' title='bbox 1129 3514 1358 3561; x_wconf 63' lang='lat' dir='ltr'><strong>sentententiae</strong></span> <span class='ocrx_word' id='word_1_342' title='bbox 1375 3514 1438 3568; x_wconf 67' lang='lat'><strong>111,</strong></span> <span class='ocrx_word' id='word_1_343' title='bbox 1456 3514 1489 3559; x_wconf 81' lang='lat' dir='ltr'><strong>od</strong></span> <span class='ocrx_word' id='word_1_344' title='bbox 1499 3513 1552 3558; x_wconf 84' lang='lat' dir='ltr'><strong>alti·</strong></span> 
     </span>
     <span class='ocr_line' id='line_1_31' title="bbox 258 3572 1553 3638; baseline 0.002 -17"><span class='ocrx_word' id='word_1_345' title='bbox 258 3573 353 3621; x_wconf 78' lang='lat' dir='ltr'><strong>reclinis</strong></span> <span class='ocrx_word' id='word_1_346' title='bbox 364 3572 491 3620; x_wconf 82' lang='lat' dir='ltr'><strong>Mant&#39;redi.</strong></span> <span class='ocrx_word' id='word_1_347' title='bbox 504 3588 542 3620; x_wconf 80' lang='lat' dir='ltr'><strong>an.</strong></span> <span class='ocrx_word' id='word_1_348' title='bbox 555 3577 623 3623; x_wconf 76' lang='lat'>17³9.</span> <span class='ocrx_word' id='word_1_349' title='bbox 644 3576 760 3623; x_wconf 71' lang='lat' dir='ltr'><strong>noronte</strong></span> <span class='ocrx_word' id='word_1_350' title='bbox 769 3576 808 3623; x_wconf 91' lang='lat' dir='ltr'><strong>edi</strong></span> <span class='ocrx_word' id='word_1_351' title='bbox 819 3591 887 3623; x_wconf 83' lang='lat' dir='ltr'><strong>cura·</strong></span> <span class='ocrx_word' id='word_1_352' title='bbox 918 3578 1023 3625; x_wconf 68' lang='grc' dir='ltr'><strong>ιιιιὶίηιπι</strong></span> <span class='ocrx_word' id='word_1_353' title='bbox 1035 3579 1052 3623; x_wconf 92' lang='grc' dir='ltr'>Ι</span> <span class='ocrx_word' id='word_1_354' title='bbox 1063 3578 1085 3625; x_wconf 87' lang='lat' dir='ltr'><strong>G</strong></span> <span class='ocrx_word' id='word_1_355' title='bbox 1096 3577 1149 3638; x_wconf 76' lang='lat' dir='ltr'><strong>(per</strong></span> <span class='ocrx_word' id='word_1_356' title='bbox 1161 3576 1215 3623; x_wconf 90' lang='lat' dir='ltr'><strong>Cor.</strong></span> <span class='ocrx_word' id='word_1_357' title='bbox 1232 3576 1263 3635; x_wconf 84' lang='lat'><strong>1.)</strong></span> <span class='ocrx_word' id='word_1_358' title='bbox 1274 3578 1298 3624; x_wconf 81' lang='lat' dir='ltr'><strong>s‘d</strong></span> <span class='ocrx_word' id='word_1_359' title='bbox 1308 3585 1348 3632; x_wconf 80' lang='lat' dir='ltr'><strong>eat,</strong></span> <span class='ocrx_word' id='word_1_360' title='bbox 1365 3578 1391 3625; x_wconf 83' lang='lat' dir='ltr'><strong>s&#39;n</strong></span> <span class='ocrx_word' id='word_1_361' title='bbox 1401 3578 1502 3637; x_wconf 67' lang='lat' dir='ltr'><strong>nauplio</strong></span> <span class='ocrx_word' id='word_1_362' title='bbox 1512 3592 1553 3623; x_wconf 84' lang='lat' dir='ltr'><strong>ro·</strong></span> 
     </span>
     <span class='ocr_line' id='line_1_32' title="bbox 257 3636 1554 3701; baseline 0.001 -16"><span class='ocrx_word' id='word_1_363' title='bbox 257 3637 335 3698; x_wconf 81' lang='lat' dir='ltr'><strong>runt.)</strong></span> <span class='ocrx_word' id='word_1_364' title='bbox 369 3636 547 3685; x_wconf 76' lang='lat' dir='ltr'><strong>Demonsosno</strong></span> <span class='ocrx_word' id='word_1_365' title='bbox 562 3638 596 3685; x_wconf 88' lang='lat' dir='ltr'><strong>sic</strong></span> <span class='ocrx_word' id='word_1_366' title='bbox 610 3647 686 3700; x_wconf 86' lang='lat' dir='ltr'><strong>potest</strong></span> <span class='ocrx_word' id='word_1_367' title='bbox 701 3640 794 3701; x_wconf 75' lang='lat' dir='ltr'><strong>exponi.</strong></span> <span class='ocrx_word' id='word_1_368' title='bbox 830 3641 887 3695; x_wconf 84' lang='lat' dir='ltr'><strong>Quo</strong></span> <span class='ocrx_word' id='word_1_369' title='bbox 918 3643 979 3698; x_wconf 67' lang='lat' dir='ltr'><strong>tituta</strong></span> <span class='ocrx_word' id='word_1_370' title='bbox 995 3642 1075 3688; x_wconf 71' lang='lat' dir='ltr'><strong>medio</strong></span> <span class='ocrx_word' id='word_1_371' title='bbox 1089 3642 1265 3701; x_wconf 81' lang='lat' dir='ltr'><strong>proportionalis</strong></span> <span class='ocrx_word' id='word_1_372' title='bbox 1281 3643 1299 3688; x_wconf 93' lang='lat' dir='ltr'><em>I</em></span> <span class='ocrx_word' id='word_1_373' title='bbox 1309 3641 1335 3693; x_wconf 88' lang='lat'><strong>0,</strong></span> <span class='ocrx_word' id='word_1_374' title='bbox 1353 3643 1383 3687; x_wconf 82' lang='lat' dir='ltr'><strong>od</strong></span> <span class='ocrx_word' id='word_1_375' title='bbox 1399 3642 1554 3689; x_wconf 70' lang='lat' dir='ltr'><strong>altitudinem</strong></span> 
     </span>
     <span class='ocr_line' id='line_1_33' title="bbox 258 3699 1552 3766; baseline 0 -17"><span class='ocrx_word' id='word_1_376' title='bbox 258 3713 362 3762; x_wconf 82' lang='lat' dir='ltr'><strong>tempore</strong></span> <span class='ocrx_word' id='word_1_377' title='bbox 372 3699 492 3762; x_wconf 81' lang='lat' dir='ltr'><strong>cylindrus</strong></span> <span class='ocrx_word' id='word_1_378' title='bbox 501 3716 576 3765; x_wconf 71' lang='lat' dir='ltr'><strong>aque,</strong></span> <span class='ocrx_word' id='word_1_379' title='bbox 593 3704 661 3766; x_wconf 86' lang='lat' dir='ltr'><strong>cujus</strong></span> <span class='ocrx_word' id='word_1_380' title='bbox 670 3704 731 3750; x_wconf 86' lang='lat' dir='ltr'><strong>basis</strong></span> <span class='ocrx_word' id='word_1_381' title='bbox 741 3702 838 3765; x_wconf 75' lang='lat' dir='ltr'><strong>aqualis</strong></span> <span class='ocrx_word' id='word_1_382' title='bbox 853 3712 889 3752; x_wconf 88' lang='lat' dir='ltr'><strong>est</strong></span> <span class='ocrx_word' id='word_1_383' title='bbox 919 3707 938 3753; x_wconf 87' lang='lat'><em>1</em></span> <span class='ocrx_word' id='word_1_384' title='bbox 948 3707 978 3760; x_wconf 80' lang='lat' dir='ltr'><strong>G,</strong></span> <span class='ocrx_word' id='word_1_385' title='bbox 997 3702 1096 3765; x_wconf 79' lang='lat' dir='ltr'><strong>ideoque</strong></span> <span class='ocrx_word' id='word_1_386' title='bbox 1109 3704 1198 3751; x_wconf 77' lang='lat' dir='ltr'><strong>factum</strong></span> <span class='ocrx_word' id='word_1_387' title='bbox 1214 3718 1243 3751; x_wconf 87' lang='lat' dir='ltr'><strong>ex</strong></span> <span class='ocrx_word' id='word_1_388' title='bbox 1259 3703 1347 3753; x_wconf 86' lang='lat' dir='ltr'><strong>oircnlo</strong></span> <span class='ocrx_word' id='word_1_389' title='bbox 1359 3704 1383 3751; x_wconf 85' lang='lat' dir='ltr'>A</span> <span class='ocrx_word' id='word_1_390' title='bbox 1396 3705 1418 3753; x_wconf 86' lang='lat' dir='ltr'>B</span> <span class='ocrx_word' id='word_1_391' title='bbox 1431 3705 1456 3753; x_wconf 89' lang='lat' dir='ltr'><strong>in</strong></span> <span class='ocrx_word' id='word_1_392' title='bbox 1468 3704 1552 3751; x_wconf 86' lang='lat' dir='ltr'><strong>altitu-</strong></span> 
     </span>
     <span class='ocr_line' id='line_1_34' title="bbox 257 3764 1555 3830; baseline -0.001 -16"><span class='ocrx_word' id='word_1_393' title='bbox 257 3765 367 3814; x_wconf 79' lang='lat' dir='ltr'><strong>soramini</strong></span> <span class='ocrx_word' id='word_1_394' title='bbox 379 3766 402 3812; x_wconf 86' lang='lat' dir='ltr'><strong>E</strong></span> <span class='ocrx_word' id='word_1_395' title='bbox 415 3764 444 3822; x_wconf 87' lang='lat' dir='ltr'><strong>F,</strong></span> <span class='ocrx_word' id='word_1_396' title='bbox 463 3772 487 3813; x_wconf 90' lang='lat' dir='ltr'><strong>et</strong></span> <span class='ocrx_word' id='word_1_397' title='bbox 505 3766 604 3813; x_wconf 88' lang='lat' dir='ltr'><strong>altitudo</strong></span> <span class='ocrx_word' id='word_1_398' title='bbox 620 3768 645 3814; x_wconf 89' lang='lat' dir='ltr'><strong>G</strong></span> <span class='ocrx_word' id='word_1_399' title='bbox 657 3767 672 3814; x_wconf 95' lang='lat'>1</span> <span class='ocrx_word' id='word_1_400' title='bbox 687 3768 711 3813; x_wconf 82' lang='lat' dir='ltr'><strong>vi</strong></span> <span class='ocrx_word' id='word_1_401' title='bbox 726 3768 835 3828; x_wconf 85' lang='lat' dir='ltr'><strong>ponderis</strong></span> <span class='ocrx_word' id='word_1_402' title='bbox 850 3768 888 3815; x_wconf 83' lang='lat' dir='ltr'><strong>eui</strong></span> <span class='ocrx_word' id='word_1_403' title='bbox 919 3767 1024 3814; x_wconf 74' lang='lat' dir='ltr'><strong>dinemo</strong></span> <span class='ocrx_word' id='word_1_404' title='bbox 1037 3768 1050 3814; x_wconf 93' lang='lat'>1</span> <span class='ocrx_word' id='word_1_405' title='bbox 1064 3769 1087 3815; x_wconf 93' lang='grc' dir='ltr'><strong>Ο</strong></span> <span class='ocrx_word' id='word_1_406' title='bbox 1099 3768 1188 3830; x_wconf 82' lang='lat' dir='ltr'><strong>oequale</strong></span> <span class='ocrx_word' id='word_1_407' title='bbox 1198 3768 1305 3815; x_wconf 74' lang='lat' dir='ltr'><strong>estfacto</strong></span> <span class='ocrx_word' id='word_1_408' title='bbox 1315 3782 1344 3814; x_wconf 87' lang='lat' dir='ltr'><strong>ex</strong></span> <span class='ocrx_word' id='word_1_409' title='bbox 1355 3766 1446 3816; x_wconf 90' lang='lat' dir='ltr'><strong>circulo</strong></span> <span class='ocrx_word' id='word_1_410' title='bbox 1459 3768 1483 3814; x_wconf 87' lang='lat' dir='ltr'><strong>E</strong></span> <span class='ocrx_word' id='word_1_411' title='bbox 1495 3768 1517 3815; x_wconf 90' lang='lat' dir='ltr'><strong>F</strong></span> <span class='ocrx_word' id='word_1_412' title='bbox 1528 3766 1555 3813; x_wconf 90' lang='lat' dir='ltr'><strong>iu</strong></span> 
     </span>
     <span class='ocr_line' id='line_1_35' title="bbox 225 3829 1555 3894; baseline -0.002 -15"><span class='ocrx_word' id='word_1_413' title='bbox 225 3834 238 3855; x_wconf 83' lang='lat'><strong>·</strong></span> <span class='ocrx_word' id='word_1_414' title='bbox 258 3830 364 3879; x_wconf 80' lang='lat' dir='ltr'><strong>osdendo</strong></span> <span class='ocrx_word' id='word_1_415' title='bbox 379 3829 517 3877; x_wconf 83' lang='lat' dir='ltr'><strong>descnberet</strong></span> <span class='ocrx_word' id='word_1_416' title='bbox 531 3830 680 3879; x_wconf 85' lang='lat' dir='ltr'><strong>altitudinem</strong></span> <span class='ocrx_word' id='word_1_417' title='bbox 692 3832 706 3879; x_wconf 95' lang='lat' dir='ltr'>I</span> <span class='ocrx_word' id='word_1_418' title='bbox 719 3832 751 3889; x_wconf 86' lang='lat' dir='ltr'><strong>G,</strong></span> <span class='ocrx_word' id='word_1_419' title='bbox 768 3832 887 3880; x_wconf 85' lang='lat' dir='ltr'><strong>etreloci-</strong></span> <span class='ocrx_word' id='word_1_420' title='bbox 918 3832 1067 3880; x_wconf 81' lang='lat' dir='ltr'><strong>altitudinem</strong></span> <span class='ocrx_word' id='word_1_421' title='bbox 1085 3832 1170 3887; x_wconf 73' lang='lat'><strong>210,</strong></span> <span class='ocrx_word' id='word_1_422' title='bbox 1189 3840 1238 3889; x_wconf 86' lang='lat' dir='ltr'><strong>aut,</strong></span> <span class='ocrx_word' id='word_1_423' title='bbox 1254 3831 1319 3894; x_wconf 90' lang='lat' dir='ltr'><strong>quod</strong></span> <span class='ocrx_word' id='word_1_424' title='bbox 1334 3831 1397 3881; x_wconf 86' lang='lat' dir='ltr'><strong>idem</strong></span> <span class='ocrx_word' id='word_1_425' title='bbox 1413 3840 1458 3888; x_wconf 86' lang='lat' dir='ltr'><strong>est,</strong></span> <span class='ocrx_word' id='word_1_426' title='bbox 1475 3831 1555 3891; x_wconf 84' lang='lat' dir='ltr'><strong>cylin-</strong></span> 
     </span>
     <span class='ocr_line' id='line_1_36' title="bbox 257 3894 1555 3959; baseline 0 -17"><span class='ocrx_word' id='word_1_427' title='bbox 257 3903 330 3942; x_wconf 81' lang='lat' dir='ltr'><strong>tatem</strong></span> <span class='ocrx_word' id='word_1_428' title='bbox 340 3894 681 3957; x_wconf 71' lang='lat' dir='ltr'><strong>aquauiltenriaaoquireet3</strong></span> <span class='ocrx_word' id='word_1_429' title='bbox 693 3896 776 3944; x_wconf 88' lang='lat' dir='ltr'><strong>eodem</strong></span> <span class='ocrx_word' id='word_1_430' title='bbox 783 3904 889 3956; x_wconf 82' lang='lat' dir='ltr'><strong>tempore</strong></span> <span class='ocrx_word' id='word_1_431' title='bbox 919 3896 976 3943; x_wconf 85' lang='lat' dir='ltr'><strong>drus</strong></span> <span class='ocrx_word' id='word_1_432' title='bbox 994 3896 1063 3959; x_wconf 88' lang='lat' dir='ltr'><strong>cujus</strong></span> <span class='ocrx_word' id='word_1_433' title='bbox 1080 3896 1140 3943; x_wconf 85' lang='lat' dir='ltr'><strong>basis</strong></span> <span class='ocrx_word' id='word_1_434' title='bbox 1158 3905 1193 3942; x_wconf 82' lang='lat' dir='ltr'><strong>est</strong></span> <span class='ocrx_word' id='word_1_435' title='bbox 1209 3896 1312 3945; x_wconf 87' lang='lat' dir='ltr'><strong>circulus</strong></span> <span class='ocrx_word' id='word_1_436' title='bbox 1333 3896 1354 3943; x_wconf 82' lang='grc' dir='ltr'><strong>Ε</strong></span> <span class='ocrx_word' id='word_1_437' title='bbox 1368 3894 1389 3943; x_wconf 87' lang='lat' dir='ltr'><strong>F</strong></span> <span class='ocrx_word' id='word_1_438' title='bbox 1409 3904 1435 3942; x_wconf 89' lang='lat' dir='ltr'><strong>et</strong></span> <span class='ocrx_word' id='word_1_439' title='bbox 1450 3895 1555 3943; x_wconf 81' lang='lat' dir='ltr'><strong>altitudo</strong></span> 
     </span>
     <span class='ocr_line' id='line_1_37' title="bbox 258 3958 1556 4023; baseline 0.002 -18"><span class='ocrx_word' id='word_1_440' title='bbox 258 3974 272 4005; x_wconf 91' lang='lat' dir='ltr'><strong>e</strong></span> <span class='ocrx_word' id='word_1_441' title='bbox 282 3959 397 4005; x_wconf 86' lang='lat' dir='ltr'><strong>foramine</strong></span> <span class='ocrx_word' id='word_1_442' title='bbox 409 3959 432 4006; x_wconf 88' lang='lat' dir='ltr'><strong>E</strong></span> <span class='ocrx_word' id='word_1_443' title='bbox 442 3958 463 4005; x_wconf 87' lang='lat' dir='ltr'><strong>F</strong></span> <span class='ocrx_word' id='word_1_444' title='bbox 473 3958 578 4006; x_wconf 80' lang='lat' dir='ltr'><strong>efflueret</strong></span> <span class='ocrx_word' id='word_1_445' title='bbox 588 3976 656 4021; x_wconf 80' lang='lat' dir='ltr'><strong>aquae</strong></span> <span class='ocrx_word' id='word_1_446' title='bbox 665 3962 783 4022; x_wconf 88' lang='lat' dir='ltr'><strong>quantitas</strong></span> <span class='ocrx_word' id='word_1_447' title='bbox 793 3961 889 4022; x_wconf 79' lang='lat' dir='ltr'><strong>aequalis</strong></span> <span class='ocrx_word' id='word_1_448' title='bbox 921 3966 936 4007; x_wconf 86' lang='grc'><strong>2</strong></span> <span class='ocrx_word' id='word_1_449' title='bbox 948 3960 961 4009; x_wconf 91' lang='lat'>1</span> <span class='ocrx_word' id='word_1_450' title='bbox 973 3961 1004 4018; x_wconf 89' lang='lat' dir='ltr'><strong>G,</strong></span> <span class='ocrx_word' id='word_1_451' title='bbox 1022 3969 1127 4023; x_wconf 85' lang='lat' dir='ltr'><strong>aequatur</strong></span> <span class='ocrx_word' id='word_1_452' title='bbox 1136 3960 1241 4021; x_wconf 83' lang='lat' dir='ltr'><strong>cylindro</strong></span> <span class='ocrx_word' id='word_1_453' title='bbox 1252 3960 1320 4023; x_wconf 87' lang='lat' dir='ltr'><strong>cujus</strong></span> <span class='ocrx_word' id='word_1_454' title='bbox 1329 3959 1392 4009; x_wconf 80' lang='lat' dir='ltr'><strong>basis</strong></span> <span class='ocrx_word' id='word_1_455' title='bbox 1402 3968 1438 4007; x_wconf 81' lang='lat' dir='ltr'><strong>est</strong></span> <span class='ocrx_word' id='word_1_456' title='bbox 1448 3959 1556 4009; x_wconf 68' lang='lat' dir='ltr'><strong>emotus</strong></span> 
     </span>
     <span class='ocr_line' id='line_1_38' title="bbox 258 4022 1221 4087; baseline 0.002 -18"><span class='ocrx_word' id='word_1_457' title='bbox 258 4022 324 4070; x_wconf 88' lang='lat' dir='ltr'><strong>alteri</strong></span> <span class='ocrx_word' id='word_1_458' title='bbox 342 4022 448 4084; x_wconf 79' lang='lat' dir='ltr'><strong>cylindro</strong></span> <span class='ocrx_word' id='word_1_459' title='bbox 468 4037 551 4085; x_wconf 89' lang='lat' dir='ltr'><strong>aqneo,</strong></span> <span class='ocrx_word' id='word_1_460' title='bbox 571 4026 639 4087; x_wconf 86' lang='lat' dir='ltr'><strong>cujus</strong></span> <span class='ocrx_word' id='word_1_461' title='bbox 655 4025 718 4071; x_wconf 81' lang='lat' dir='ltr'><strong>brais</strong></span> <span class='ocrx_word' id='word_1_462' title='bbox 732 4034 768 4072; x_wconf 89' lang='lat' dir='ltr'><strong>eat</strong></span> <span class='ocrx_word' id='word_1_463' title='bbox 782 4025 888 4073; x_wconf 79' lang='lat' dir='ltr'><strong>foramen</strong></span> <span class='ocrx_word' id='word_1_464' title='bbox 922 4024 946 4071; x_wconf 86' lang='grc' dir='ltr'><strong>Δ</strong></span> <span class='ocrx_word' id='word_1_465' title='bbox 960 4024 1016 4072; x_wconf 86' lang='lat' dir='ltr'><strong>Bet</strong></span> <span class='ocrx_word' id='word_1_466' title='bbox 1026 4024 1125 4071; x_wconf 87' lang='lat' dir='ltr'><strong>altitudo</strong></span> <span class='ocrx_word' id='word_1_467' title='bbox 1136 4030 1151 4071; x_wconf 83' lang='grc'><strong>2</strong></span> <span class='ocrx_word' id='word_1_468' title='bbox 1163 4024 1176 4071; x_wconf 91' lang='lat'>1</span> <span class='ocrx_word' id='word_1_469' title='bbox 1190 4024 1221 4072; x_wconf 89' lang='lat'><strong>0.</strong></span> 
     </span>
    </p>

    <p class='ocr_par' dir='ltr' id='par_1_7' title="bbox 257 4085 1560 4601">
     <span class='ocr_line' id='line_1_39' title="bbox 259 4085 1555 4153; baseline 0.002 -20"><span class='ocrx_word' id='word_1_470' title='bbox 259 4086 282 4133; x_wconf 86' lang='grc' dir='ltr'>Ε</span> <span class='ocrx_word' id='word_1_471' title='bbox 296 4088 324 4143; x_wconf 85' lang='lat' dir='ltr'><strong>F,</strong></span> <span class='ocrx_word' id='word_1_472' title='bbox 340 4096 365 4134; x_wconf 89' lang='lat' dir='ltr'><strong>et</strong></span> <span class='ocrx_word' id='word_1_473' title='bbox 379 4085 530 4149; x_wconf 56' lang='lat' dir='ltr'><strong>nodatos</strong></span> <span class='ocrx_word' id='word_1_474' title='bbox 544 4087 568 4135; x_wconf 91' lang='lat' dir='ltr'><strong>G</strong></span> <span class='ocrx_word' id='word_1_475' title='bbox 580 4088 594 4134; x_wconf 95' lang='lat' dir='ltr'>I</span> <span class='ocrx_word' id='word_1_476' title='bbox 607 4090 657 4152; x_wconf 77' lang='lat' dir='ltr'><strong>(st).</strong></span> <span class='ocrx_word' id='word_1_477' title='bbox 672 4087 725 4136; x_wconf 87' lang='lat' dir='ltr'><strong>Lib.</strong></span> <span class='ocrx_word' id='word_1_478' title='bbox 740 4089 785 4151; x_wconf 86' lang='grc'><strong>1.),</strong></span> <span class='ocrx_word' id='word_1_479' title='bbox 802 4089 828 4135; x_wconf 91' lang='lat' dir='ltr'><strong>id</strong></span> <span class='ocrx_word' id='word_1_480' title='bbox 843 4098 885 4147; x_wconf 84' lang='lat' dir='ltr'><strong>est,</strong></span> <span class='ocrx_word' id='word_1_481' title='bbox 950 4089 981 4153; x_wconf 71' lang='lat' dir='ltr'><strong>(fl</strong></span> <span class='ocrx_word' id='word_1_482' title='bbox 994 4092 1007 4121; x_wconf 65' lang='lat' dir='ltr'><strong>i</strong></span> <span class='ocrx_word' id='word_1_483' title='bbox 1020 4092 1130 4153; x_wconf 81' lang='lat' dir='ltr'><strong>AEquolis</strong></span> <span class='ocrx_word' id='word_1_484' title='bbox 1140 4092 1183 4137; x_wconf 81' lang='lat' dir='ltr'><strong>erit</strong></span> <span class='ocrx_word' id='word_1_485' title='bbox 1193 4091 1297 4151; x_wconf 77' lang='lat' dir='ltr'><strong>cylindro</strong></span> <span class='ocrx_word' id='word_1_486' title='bbox 1309 4089 1378 4150; x_wconf 72' lang='lat' dir='ltr'><strong>estius</strong></span> <span class='ocrx_word' id='word_1_487' title='bbox 1388 4090 1495 4137; x_wconf 80' lang='lat' dir='ltr'><strong>lusisest</strong></span> <span class='ocrx_word' id='word_1_488' title='bbox 1507 4090 1555 4136; x_wconf 58' lang='lat' dir='ltr'><strong>ott»</strong></span> 
     </span>
     <span class='ocr_line' id='line_1_40' title="bbox 258 4150 1556 4211; baseline 0.002 -14"><span class='ocrx_word' id='word_1_489' title='bbox 258 4150 364 4211; x_wconf 78' lang='lat' dir='ltr'><strong>cylindro</strong></span> <span class='ocrx_word' id='word_1_490' title='bbox 380 4152 463 4211; x_wconf 88' lang='lat' dir='ltr'><strong>prioris</strong></span> <span class='ocrx_word' id='word_1_491' title='bbox 478 4150 566 4211; x_wconf 70' lang='lat' dir='ltr'><strong>duplot</strong></span> <span class='ocrx_word' id='word_1_492' title='bbox 585 4161 610 4199; x_wconf 84' lang='lat' dir='ltr'><strong>et</strong></span> <span class='ocrx_word' id='word_1_493' title='bbox 625 4150 680 4199; x_wconf 74' lang='lat' dir='ltr'><strong>ideo</strong></span> <span class='ocrx_word' id='word_1_494' title='bbox 695 4156 726 4199; x_wconf 90' lang='lat' dir='ltr'><strong>ob</strong></span> <span class='ocrx_word' id='word_1_495' title='bbox 740 4153 886 4200; x_wconf 78' lang='lat' dir='ltr'><strong>velocitatem</strong></span> <span class='ocrx_word' id='word_1_496' title='bbox 918 4157 986 4201; x_wconf 76' lang='lat' dir='ltr'><strong>estius</strong></span> <span class='ocrx_word' id='word_1_497' title='bbox 997 4156 1021 4201; x_wconf 90' lang='lat' dir='ltr'><em>A</em></span> <span class='ocrx_word' id='word_1_498' title='bbox 1032 4157 1056 4201; x_wconf 88' lang='lat' dir='ltr'><em>B</em></span> <span class='ocrx_word' id='word_1_499' title='bbox 1066 4163 1088 4201; x_wconf 86' lang='lat' dir='ltr'><strong>et</strong></span> <span class='ocrx_word' id='word_1_500' title='bbox 1098 4156 1196 4201; x_wconf 77' lang='lat' dir='ltr'><strong>altitudo</strong></span> <span class='ocrx_word' id='word_1_501' title='bbox 1206 4162 1239 4200; x_wconf 81' lang='lat' dir='ltr'><strong>est</strong></span> <span class='ocrx_word' id='word_1_502' title='bbox 1254 4155 1298 4199; x_wconf 81' lang='lat' dir='ltr'><strong>a]</strong></span> <span class='ocrx_word' id='word_1_503' title='bbox 1309 4154 1343 4200; x_wconf 84' lang='grc' dir='ltr'><strong>Η.</strong></span> <span class='ocrx_word' id='word_1_504' title='bbox 1380 4152 1477 4200; x_wconf 85' lang='lat' dir='ltr'><strong>Eadem</strong></span> <span class='ocrx_word' id='word_1_505' title='bbox 1488 4152 1556 4199; x_wconf 80' lang='lat' dir='ltr'><strong>enim</strong></span> 
     </span>
     <span class='ocr_line' id='line_1_41' title="bbox 257 4214 1557 4279; baseline 0.002 -18"><span class='ocrx_word' id='word_1_506' title='bbox 257 4227 329 4274; x_wconf 86' lang='lat' dir='ltr'><strong>quam</strong></span> <span class='ocrx_word' id='word_1_507' title='bbox 344 4214 464 4275; x_wconf 89' lang='lat' dir='ltr'><strong>cylindrus</strong></span> <span class='ocrx_word' id='word_1_508' title='bbox 478 4230 521 4275; x_wconf 82' lang='lat' dir='ltr'><strong>per</strong></span> <span class='ocrx_word' id='word_1_509' title='bbox 535 4216 684 4263; x_wconf 84' lang='lat' dir='ltr'><strong>altitudinem</strong></span> <span class='ocrx_word' id='word_1_510' title='bbox 701 4218 715 4264; x_wconf 95' lang='lat' dir='ltr'>I</span> <span class='ocrx_word' id='word_1_511' title='bbox 726 4218 761 4274; x_wconf 90' lang='lat' dir='ltr'><strong>G,</strong></span> <span class='ocrx_word' id='word_1_512' title='bbox 780 4216 886 4263; x_wconf 84' lang='lat' dir='ltr'><strong>cadendo</strong></span> <span class='ocrx_word' id='word_1_513' title='bbox 916 4232 984 4278; x_wconf 86' lang='lat' dir='ltr'><strong>aquae</strong></span> <span class='ocrx_word' id='word_1_514' title='bbox 994 4217 1110 4279; x_wconf 80' lang='lat' dir='ltr'><strong>quantitas</strong></span> <span class='ocrx_word' id='word_1_515' title='bbox 1120 4217 1202 4264; x_wconf 84' lang='lat' dir='ltr'><strong>eodem</strong></span> <span class='ocrx_word' id='word_1_516' title='bbox 1213 4226 1317 4276; x_wconf 78' lang='lat' dir='ltr'><strong>tempore</strong></span> <span class='ocrx_word' id='word_1_517' title='bbox 1327 4217 1411 4264; x_wconf 81' lang='lat' dir='ltr'><strong>transit</strong></span> <span class='ocrx_word' id='word_1_518' title='bbox 1421 4228 1464 4277; x_wconf 78' lang='lat' dir='ltr'><strong>per</strong></span> <span class='ocrx_word' id='word_1_519' title='bbox 1474 4216 1557 4263; x_wconf 76' lang='lat' dir='ltr'><strong>circis·</strong></span> 
     </span>
     <span class='ocr_line' id='line_1_42' title="bbox 257 4278 1558 4345; baseline 0.003 -22"><span class='ocrx_word' id='word_1_520' title='bbox 257 4278 363 4338; x_wconf 84' lang='lat' dir='ltr'><strong>acquirit,</strong></span> <span class='ocrx_word' id='word_1_521' title='bbox 390 4280 504 4343; x_wconf 76' lang='lat' dir='ltr'><strong>aequalem</strong></span> <span class='ocrx_word' id='word_1_522' title='bbox 525 4280 641 4327; x_wconf 82' lang='lat' dir='ltr'><strong>velocitati</strong></span> <span class='ocrx_word' id='word_1_523' title='bbox 667 4295 734 4343; x_wconf 75' lang='lat' dir='ltr'><strong>aqua</strong></span> <span class='ocrx_word' id='word_1_524' title='bbox 760 4281 884 4339; x_wconf 81' lang='lat' dir='ltr'><strong>exilientis,</strong></span> <span class='ocrx_word' id='word_1_525' title='bbox 917 4281 952 4327; x_wconf 85' lang='lat' dir='ltr'><strong>los</strong></span> <span class='ocrx_word' id='word_1_526' title='bbox 969 4282 993 4328; x_wconf 88' lang='lat' dir='ltr'>A</span> <span class='ocrx_word' id='word_1_527' title='bbox 1007 4282 1036 4333; x_wconf 90' lang='grc' dir='ltr'><strong>Β.</strong></span> <span class='ocrx_word' id='word_1_528' title='bbox 1054 4290 1078 4327; x_wconf 89' lang='lat' dir='ltr'><strong>et</strong></span> <span class='ocrx_word' id='word_1_529' title='bbox 1095 4282 1118 4329; x_wconf 82' lang='lat' dir='ltr'><strong>E</strong></span> <span class='ocrx_word' id='word_1_530' title='bbox 1132 4282 1152 4328; x_wconf 88' lang='lat' dir='ltr'><strong>F</strong></span> <span class='ocrx_word' id='word_1_531' title='bbox 1166 4282 1237 4345; x_wconf 79' lang='lat'>(271)</span> <span class='ocrx_word' id='word_1_532' title='bbox 1254 4290 1278 4327; x_wconf 87' lang='lat' dir='ltr'><strong>et</strong></span> <span class='ocrx_word' id='word_1_533' title='bbox 1292 4280 1411 4343; x_wconf 82' lang='lat' dir='ltr'><strong>qtsantitaa</strong></span> <span class='ocrx_word' id='word_1_534' title='bbox 1427 4296 1497 4342; x_wconf 67' lang='lat' dir='ltr'><strong>aque</strong></span> <span class='ocrx_word' id='word_1_535' title='bbox 1513 4293 1558 4341; x_wconf 84' lang='lat' dir='ltr'><strong>per</strong></span> 
     </span>
     <span class='ocr_line' id='line_1_43' title="bbox 257 4341 1560 4407; baseline 0.003 -20"><span class='ocrx_word' id='word_1_536' title='bbox 257 4341 374 4401; x_wconf 78' lang='lat' dir='ltr'><strong>quantitas</strong></span> <span class='ocrx_word' id='word_1_537' title='bbox 384 4344 462 4391; x_wconf 83' lang='lat' dir='ltr'><strong>mortis</strong></span> <span class='ocrx_word' id='word_1_538' title='bbox 471 4344 497 4390; x_wconf 91' lang='lat' dir='ltr'><strong>in</strong></span> <span class='ocrx_word' id='word_1_539' title='bbox 505 4344 547 4391; x_wconf 86' lang='lat' dir='ltr'><strong>illo</strong></span> <span class='ocrx_word' id='word_1_540' title='bbox 557 4344 663 4407; x_wconf 77' lang='lat' dir='ltr'><strong>cylindro</strong></span> <span class='ocrx_word' id='word_1_541' title='bbox 672 4344 695 4391; x_wconf 86' lang='lat' dir='ltr'><strong>ri</strong></span> <span class='ocrx_word' id='word_1_542' title='bbox 706 4344 815 4405; x_wconf 85' lang='lat' dir='ltr'><strong>ponderis</strong></span> <span class='ocrx_word' id='word_1_543' title='bbox 825 4344 886 4406; x_wconf 83' lang='lat' dir='ltr'><strong>ejus·</strong></span> <span class='ocrx_word' id='word_1_544' title='bbox 918 4345 1032 4393; x_wconf 81' lang='lat' dir='ltr'><strong>circulum</strong></span> <span class='ocrx_word' id='word_1_545' title='bbox 1046 4347 1068 4391; x_wconf 87' lang='lat' dir='ltr'>A</span> <span class='ocrx_word' id='word_1_546' title='bbox 1082 4346 1113 4400; x_wconf 91' lang='lat' dir='ltr'><strong>B,</strong></span> <span class='ocrx_word' id='word_1_547' title='bbox 1125 4345 1265 4392; x_wconf 80' lang='lat' dir='ltr'><strong>transeuntis</strong></span> <span class='ocrx_word' id='word_1_548' title='bbox 1275 4361 1304 4392; x_wconf 93' lang='lat' dir='ltr'><strong>eo</strong></span> <span class='ocrx_word' id='word_1_549' title='bbox 1311 4354 1417 4406; x_wconf 80' lang='lat' dir='ltr'><strong>tempore</strong></span> <span class='ocrx_word' id='word_1_550' title='bbox 1427 4359 1477 4406; x_wconf 89' lang='lat' dir='ltr'><strong>quo</strong></span> <span class='ocrx_word' id='word_1_551' title='bbox 1484 4352 1560 4407; x_wconf 74' lang='lat' dir='ltr'><strong>gutta</strong></span> 
     </span>
     <span class='ocr_line' id='line_1_44' title="bbox 258 4403 1559 4471; baseline 0.005 -22"><span class='ocrx_word' id='word_1_552' title='bbox 258 4403 314 4450; x_wconf 89' lang='lat' dir='ltr'><strong>dem</strong></span> <span class='ocrx_word' id='word_1_553' title='bbox 332 4405 430 4465; x_wconf 80' lang='lat' dir='ltr'><strong>cylindri</strong></span> <span class='ocrx_word' id='word_1_554' title='bbox 445 4408 532 4471; x_wconf 73' lang='lat' dir='ltr'><strong>genita,</strong></span> <span class='ocrx_word' id='word_1_555' title='bbox 553 4418 587 4455; x_wconf 87' lang='lat' dir='ltr'><strong>est</strong></span> <span class='ocrx_word' id='word_1_556' title='bbox 598 4408 628 4455; x_wconf 91' lang='lat' dir='ltr'><strong>ad</strong></span> <span class='ocrx_word' id='word_1_557' title='bbox 638 4410 790 4471; x_wconf 87' lang='lat' dir='ltr'><strong>quantitatem</strong></span> <span class='ocrx_word' id='word_1_558' title='bbox 806 4407 886 4455; x_wconf 79' lang='lat' dir='ltr'><strong>motus</strong></span> <span class='ocrx_word' id='word_1_559' title='bbox 918 4408 1022 4456; x_wconf 85' lang='lat' dir='ltr'><strong>cadendo</strong></span> <span class='ocrx_word' id='word_1_560' title='bbox 1029 4406 1157 4461; x_wconf 81' lang='lat' dir='ltr'><strong>describere</strong></span> <span class='ocrx_word' id='word_1_561' title='bbox 1164 4418 1239 4469; x_wconf 89' lang='lat' dir='ltr'><strong>potest</strong></span> <span class='ocrx_word' id='word_1_562' title='bbox 1247 4409 1418 4457; x_wconf 77' lang='lat' dir='ltr'><strong>altimdinemI</strong></span> <span class='ocrx_word' id='word_1_563' title='bbox 1429 4410 1462 4461; x_wconf 87' lang='lat' dir='ltr'><strong>H,</strong></span> <span class='ocrx_word' id='word_1_564' title='bbox 1472 4424 1559 4469; x_wconf 80' lang='lat' dir='ltr'><strong>requa-</strong></span> 
     </span>
     <span class='ocr_line' id='line_1_45' title="bbox 257 4467 1560 4537; baseline 0.002 -22"><span class='ocrx_word' id='word_1_565' title='bbox 257 4467 341 4515; x_wconf 88' lang='lat' dir='ltr'><strong>eodem</strong></span> <span class='ocrx_word' id='word_1_566' title='bbox 356 4478 461 4531; x_wconf 80' lang='lat' dir='ltr'><strong>tempore</strong></span> <span class='ocrx_word' id='word_1_567' title='bbox 471 4473 496 4518; x_wconf 91' lang='lat' dir='ltr'><strong>iu</strong></span> <span class='ocrx_word' id='word_1_568' title='bbox 507 4472 567 4535; x_wconf 69' lang='lat' dir='ltr'><strong>aqui</strong></span> <span class='ocrx_word' id='word_1_569' title='bbox 578 4472 687 4520; x_wconf 80' lang='lat' dir='ltr'><strong>exiliente</strong></span> <span class='ocrx_word' id='word_1_570' title='bbox 705 4474 843 4533; x_wconf 85' lang='lat' dir='ltr'><strong>productam</strong></span> <span class='ocrx_word' id='word_1_571' title='bbox 859 4481 888 4519; x_wconf 89' lang='lat' dir='ltr'><strong>ut</strong></span> <span class='ocrx_word' id='word_1_572' title='bbox 918 4474 949 4519; x_wconf 88' lang='lat' dir='ltr'><strong>lis</strong></span> <span class='ocrx_word' id='word_1_573' title='bbox 963 4473 1007 4519; x_wconf 88' lang='lat' dir='ltr'><strong>erit</strong></span> <span class='ocrx_word' id='word_1_574' title='bbox 1022 4472 1127 4532; x_wconf 86' lang='lat' dir='ltr'><strong>cylindro</strong></span> <span class='ocrx_word' id='word_1_575' title='bbox 1142 4489 1217 4537; x_wconf 88' lang='lat' dir='ltr'><strong>aqueo</strong></span> <span class='ocrx_word' id='word_1_576' title='bbox 1235 4474 1303 4536; x_wconf 83' lang='lat' dir='ltr'><strong>eujus</strong></span> <span class='ocrx_word' id='word_1_577' title='bbox 1319 4474 1381 4521; x_wconf 87' lang='lat' dir='ltr'><strong>basis</strong></span> <span class='ocrx_word' id='word_1_578' title='bbox 1396 4481 1433 4519; x_wconf 89' lang='lat' dir='ltr'><strong>est</strong></span> <span class='ocrx_word' id='word_1_579' title='bbox 1448 4472 1560 4521; x_wconf 87' lang='lat' dir='ltr'><strong>circulus</strong></span> 
     </span>
     <span class='ocr_line' id='line_1_46' title="bbox 260 4532 1412 4601; baseline 0.004 -22"><span class='ocrx_word' id='word_1_580' title='bbox 260 4538 270 4579; x_wconf 92' lang='lat'>1</span> <span class='ocrx_word' id='word_1_581' title='bbox 290 4532 320 4579; x_wconf 91' lang='lat' dir='ltr'><strong>ad</strong></span> <span class='ocrx_word' id='word_1_582' title='bbox 337 4538 359 4580; x_wconf 89' lang='grc'><strong>2.</strong></span> <span class='ocrx_word' id='word_1_583' title='bbox 396 4534 442 4581; x_wconf 83' lang='lat' dir='ltr'><strong>Sed</strong></span> <span class='ocrx_word' id='word_1_584' title='bbox 461 4536 521 4583; x_wconf 82' lang='lat' dir='ltr'><strong>viras</strong></span> <span class='ocrx_word' id='word_1_585' title='bbox 536 4537 666 4583; x_wconf 82' lang='lat' dir='ltr'><strong>uniformes</strong></span> <span class='ocrx_word' id='word_1_586' title='bbox 683 4537 770 4599; x_wconf 82' lang='lat' dir='ltr'><strong>quibus</strong></span> <span class='ocrx_word' id='word_1_587' title='bbox 787 4535 888 4597; x_wconf 87' lang='lat' dir='ltr'><strong>cylindri</strong></span> <span class='ocrx_word' id='word_1_588' title='bbox 921 4538 945 4584; x_wconf 93' lang='lat' dir='ltr'>A</span> <span class='ocrx_word' id='word_1_589' title='bbox 960 4538 1017 4585; x_wconf 89' lang='lat' dir='ltr'><strong>Bet</strong></span> <span class='ocrx_word' id='word_1_590' title='bbox 1027 4536 1126 4583; x_wconf 89' lang='lat' dir='ltr'><strong>altitudo</strong></span> <span class='ocrx_word' id='word_1_591' title='bbox 1137 4544 1152 4583; x_wconf 93' lang='grc'><strong>2</strong></span> <span class='ocrx_word' id='word_1_592' title='bbox 1165 4538 1178 4584; x_wconf 90' lang='lat'>1</span> <span class='ocrx_word' id='word_1_593' title='bbox 1191 4537 1219 4584; x_wconf 92' lang='lat' dir='ltr'><strong>H</strong></span> <span class='ocrx_word' id='word_1_594' title='bbox 1232 4539 1282 4601; x_wconf 80' lang='lat'>(80.</span> <span class='ocrx_word' id='word_1_595' title='bbox 1298 4538 1352 4585; x_wconf 90' lang='lat' dir='ltr'><strong>Lib.</strong></span> <span class='ocrx_word' id='word_1_596' title='bbox 1367 4537 1412 4596; x_wconf 87' lang='lat'>1.).</span> 
     </span>
    </p>

    <p class='ocr_par' dir='ltr' id='par_1_8' title="bbox 256 4595 1563 4857">
     <span class='ocr_line' id='line_1_47' title="bbox 257 4595 1562 4665; baseline 0.002 -21"><span class='ocrx_word' id='word_1_597' title='bbox 257 4595 363 4644; x_wconf 85' lang='lat' dir='ltr'><strong>eadentia</strong></span> <span class='ocrx_word' id='word_1_598' title='bbox 379 4604 403 4643; x_wconf 91' lang='lat' dir='ltr'><strong>et</strong></span> <span class='ocrx_word' id='word_1_599' title='bbox 422 4612 489 4660; x_wconf 70' lang='lat' dir='ltr'><strong>aqua</strong></span> <span class='ocrx_word' id='word_1_600' title='bbox 506 4601 621 4647; x_wconf 77' lang='lat' dir='ltr'><strong>exilientis</strong></span> <span class='ocrx_word' id='word_1_601' title='bbox 637 4610 717 4647; x_wconf 86' lang='lat' dir='ltr'><strong>motus</strong></span> <span class='ocrx_word' id='word_1_602' title='bbox 738 4609 886 4663; x_wconf 73' lang='lat' dir='ltr'><strong>generantur,</strong></span> <span class='ocrx_word' id='word_1_603' title='bbox 953 4600 987 4661; x_wconf 82' lang='lat'><strong>(⁸)</strong></span> <span class='ocrx_word' id='word_1_604' title='bbox 1001 4604 1014 4632; x_wconf 70' lang='lat'><strong>⁹</strong></span> <span class='ocrx_word' id='word_1_605' title='bbox 1028 4604 1058 4647; x_wconf 89' lang='lat' dir='ltr'><strong>Id</strong></span> <span class='ocrx_word' id='word_1_606' title='bbox 1069 4610 1108 4657; x_wconf 84' lang='lat' dir='ltr'><strong>est,</strong></span> <span class='ocrx_word' id='word_1_607' title='bbox 1120 4618 1181 4665; x_wconf 82' lang='lat' dir='ltr'><strong>aquo</strong></span> <span class='ocrx_word' id='word_1_608' title='bbox 1192 4611 1248 4649; x_wconf 87' lang='lat' dir='ltr'><strong>toto.</strong></span> <span class='ocrx_word' id='word_1_609' title='bbox 1276 4602 1340 4649; x_wconf 89' lang='lat' dir='ltr'><strong>Nam</strong></span> <span class='ocrx_word' id='word_1_610' title='bbox 1352 4616 1381 4648; x_wconf 81' lang='lat' dir='ltr'><strong>ex</strong></span> <span class='ocrx_word' id='word_1_611' title='bbox 1392 4602 1489 4662; x_wconf 76' lang='lat' dir='ltr'><strong>iisquse</strong></span> <span class='ocrx_word' id='word_1_612' title='bbox 1499 4608 1562 4647; x_wconf 85' lang='lat' dir='ltr'><strong>ante</strong></span> 
     </span>
     <span class='ocr_line' id='line_1_48' title="bbox 256 4659 1562 4727; baseline 0.005 -20"><span class='ocrx_word' id='word_1_613' title='bbox 256 4669 313 4707; x_wconf 89' lang='lat' dir='ltr'><strong>sunt</strong></span> <span class='ocrx_word' id='word_1_614' title='bbox 323 4669 351 4707; x_wconf 92' lang='lat' dir='ltr'><strong>ut</strong></span> <span class='ocrx_word' id='word_1_615' title='bbox 361 4659 440 4707; x_wconf 66' lang='lat' dir='ltr'><strong>metm</strong></span> <span class='ocrx_word' id='word_1_616' title='bbox 450 4664 590 4725; x_wconf 68' lang='lat' dir='ltr'><strong>quantitates</strong></span> <span class='ocrx_word' id='word_1_617' title='bbox 600 4664 683 4711; x_wconf 86' lang='lat' dir='ltr'><strong>eodem</strong></span> <span class='ocrx_word' id='word_1_618' title='bbox 693 4673 799 4724; x_wconf 89' lang='lat' dir='ltr'><strong>tempore</strong></span> <span class='ocrx_word' id='word_1_619' title='bbox 808 4679 824 4709; x_wconf 93' lang='lat' dir='ltr'><strong>a</strong></span> <span class='ocrx_word' id='word_1_620' title='bbox 835 4664 889 4710; x_wconf 85' lang='lat' dir='ltr'><strong>viri·</strong></span> <span class='ocrx_word' id='word_1_621' title='bbox 921 4680 968 4713; x_wconf 84' lang='lat' dir='ltr'><strong>cas.</strong></span> <span class='ocrx_word' id='word_1_622' title='bbox 983 4670 1009 4711; x_wconf 75' lang='grc'><strong>1.</strong></span> <span class='ocrx_word' id='word_1_623' title='bbox 1017 4664 1080 4711; x_wconf 85' lang='lat' dir='ltr'><strong>dicta</strong></span> <span class='ocrx_word' id='word_1_624' title='bbox 1091 4675 1153 4719; x_wconf 88' lang='lat' dir='ltr'><strong>sunt,</strong></span> <span class='ocrx_word' id='word_1_625' title='bbox 1168 4666 1318 4713; x_wconf 87' lang='lat' dir='ltr'><strong>manifestum</strong></span> <span class='ocrx_word' id='word_1_626' title='bbox 1330 4674 1366 4713; x_wconf 85' lang='lat' dir='ltr'><strong>est</strong></span> <span class='ocrx_word' id='word_1_627' title='bbox 1375 4680 1461 4727; x_wconf 84' lang='lat' dir='ltr'><strong>aquam</strong></span> <span class='ocrx_word' id='word_1_628' title='bbox 1478 4674 1562 4713; x_wconf 82' lang='lat' dir='ltr'><strong>totam</strong></span> 
     </span>
     <span class='ocr_line' id='line_1_49' title="bbox 257 4724 1562 4789; baseline 0.005 -18"><span class='ocrx_word' id='word_1_629' title='bbox 257 4727 303 4772; x_wconf 89' lang='lat' dir='ltr'><strong>bus</strong></span> <span class='ocrx_word' id='word_1_630' title='bbox 321 4724 368 4771; x_wconf 85' lang='lat' dir='ltr'><strong>illis</strong></span> <span class='ocrx_word' id='word_1_631' title='bbox 383 4724 602 4787; x_wconf 65' lang='lat' dir='ltr'><strong>genite(15.L1b.</strong></span> <span class='ocrx_word' id='word_1_632' title='bbox 618 4728 662 4788; x_wconf 86' lang='grc'><strong>1.).</strong></span> <span class='ocrx_word' id='word_1_633' title='bbox 699 4729 780 4783; x_wconf 86' lang='lat' dir='ltr'><strong>Quare</strong></span> <span class='ocrx_word' id='word_1_634' title='bbox 796 4728 889 4787; x_wconf 83' lang='lat' dir='ltr'><strong>pondus</strong></span> <span class='ocrx_word' id='word_1_635' title='bbox 921 4728 1032 4789; x_wconf 75' lang='lat' dir='ltr'><strong>praedicto</strong></span> <span class='ocrx_word' id='word_1_636' title='bbox 1050 4728 1125 4775; x_wconf 87' lang='lat' dir='ltr'><strong>solido</strong></span> <span class='ocrx_word' id='word_1_637' title='bbox 1142 4738 1284 4787; x_wconf 84' lang='lat' dir='ltr'><strong>contentam,</strong></span> <span class='ocrx_word' id='word_1_638' title='bbox 1303 4745 1345 4789; x_wconf 83' lang='lat' dir='ltr'><strong>per</strong></span> <span class='ocrx_word' id='word_1_639' title='bbox 1362 4730 1469 4777; x_wconf 78' lang='lat' dir='ltr'><strong>toramen</strong></span> <span class='ocrx_word' id='word_1_640' title='bbox 1493 4729 1521 4775; x_wconf 90' lang='lat' dir='ltr'><strong>E</strong></span> <span class='ocrx_word' id='word_1_641' title='bbox 1540 4726 1562 4777; x_wconf 84' lang='lat' dir='ltr'><strong>F</strong></span> 
     </span>
     <span class='ocr_line' id='line_1_50' title="bbox 256 4788 1563 4857; baseline 0.002 -20"><span class='ocrx_word' id='word_1_642' title='bbox 256 4788 357 4849; x_wconf 73' lang='lat' dir='ltr'><strong>cylindri</strong></span> <span class='ocrx_word' id='word_1_643' title='bbox 372 4802 447 4851; x_wconf 70' lang='lat' dir='ltr'><strong>aqua,</strong></span> <span class='ocrx_word' id='word_1_644' title='bbox 466 4789 767 4853; x_wconf 82' lang='lat' dir='ltr'><strong>eujusbaaisestt&#39;oramen</strong></span> <span class='ocrx_word' id='word_1_645' title='bbox 785 4792 808 4839; x_wconf 84' lang='lat' dir='ltr'>E</span> <span class='ocrx_word' id='word_1_646' title='bbox 823 4792 849 4841; x_wconf 82' lang='lat' dir='ltr'><strong>F.</strong></span> <span class='ocrx_word' id='word_1_647' title='bbox 866 4801 890 4841; x_wconf 84' lang='lat' dir='ltr'><strong>et</strong></span> <span class='ocrx_word' id='word_1_648' title='bbox 921 4792 1005 4841; x_wconf 88' lang='lat' dir='ltr'><strong>eodem</strong></span> <span class='ocrx_word' id='word_1_649' title='bbox 1014 4800 1119 4853; x_wconf 86' lang='lat' dir='ltr'><strong>tempore</strong></span> <span class='ocrx_word' id='word_1_650' title='bbox 1129 4792 1231 4851; x_wconf 86' lang='lat' dir='ltr'><strong>effluere,</strong></span> <span class='ocrx_word' id='word_1_651' title='bbox 1249 4808 1374 4857; x_wconf 82' lang='lat' dir='ltr'><strong>quaequae</strong></span> <span class='ocrx_word' id='word_1_652' title='bbox 1384 4791 1489 4857; x_wconf 74' lang='lat' dir='ltr'><strong>guttari</strong></span> <span class='ocrx_word' id='word_1_653' title='bbox 1502 4807 1563 4857; x_wconf 77' lang='lat' dir='ltr'><strong>gn-</strong></span> 
     </span>
    </p>
   </div>
   <div class='ocr_carea' id='block_1_5' title="bbox 0 0 1642 5650">
    <p class='ocr_par' dir='ltr' id='par_1_9' title="bbox 0 0 1642 5650">
     <span class='ocr_line' id='line_1_51' title="bbox 0 0 1642 5650; baseline 0 1"><span class='ocrx_word' id='word_1_654' title='bbox 0 0 1642 5650; x_wconf 95' lang='lat' dir='ltr'><strong> </strong></span> 
     </span>
    </p>
   </div>
  </div>
 </body>
</html>
