3275 5650
242 459 306 516 222
550 443 889 515 PHILOSOPHIAE
912 439 1183 507 NATURALIS
1248 438 1358 516 [Mor.
1370 437 1522 504 Coaroa.

194 647 214 670 κ
243 619 541 685 ABadsummam
563 615 751 682 circulorum
772 609 982 677 ABetEF
1006 607 1044 702 (ff)
1060 607 1285 673 valericum
1305 603 1396 690 dupli
1416 605 1551 672 circuli⁴

242 732 274 794 A
290 728 319 793 B
333 751 427 812 supra
440 727 582 792 fundum.

286 818 385 880 Corol.
402 823 431 883 7.
478 815 512 878 Si
534 813 567 874 iu
587 811 693 875 medio
707 808 869 874 foraminis
883 807 915 872 E
929 805 956 869 F
970 805 1089 868 locatur
1102 801 1243 866 circellua
1268 801 1296 865 P
1311 801 1344 876 Q
1358 812 1465 866 centro
1489 803 1521 868 G

241 922 414 1009 descriptus
430 922 630 998 ethorizonti
649 919 835 1004 parallelus:
857 913 983 1003 pondus
996 935 1084 1000 aquae
1099 933 1193 1000 quam
1209 910 1348 978 circellus
1362 910 1415 974 ille
1431 911 1518 976 susti·

240 1043 304 1108 net,
327 1033 427 1115 majus
449 1043 497 1094 est
515 1027 656 1112 pondere
668 1030 770 1114 tertiae
783 1025 881 1108 partis

241 1136 377 1223 cylindri
391 1157 483 1222 aquai
496 1140 586 1222 cujus
593 1137 677 1200 basis
685 1150 734 1200 est
744 1137 887 1200 circellus
970 1179 1007 1238 K

240 1244 294 1308 ille
315 1256 349 1308 et
367 1244 500 1308 altitudo
521 1258 568 1310 est
590 1246 622 1308 G
638 1245 685 1309 H
731 1246 779 1310 Sit
802 1246 886 1308 enim

241 1356 271 1418 A
283 1352 313 1418 Β
324 1351 357 1417 N
373 1353 400 1418 F
416 1352 495 1417 ΕΜ
510 1366 664 1417 cataracta
677 1352 727 1417 vel
742 1353 888 1416 columna
943 1327 1020 1436 Al„

241 1481 331 1547 aquae
346 1460 485 1525 cadentis
499 1482 592 1525 axem
607 1459 726 1523 habens
742 1458 775 1522 G
793 1458 829 1521 H
851 1466 886 1519 ut

240 1589 345 1654 supra,
373 1581 404 1632 et
419 1567 576 1654 congelari
590 1566 780 1652 intelligatur
801 1587 885 1650 aqua

238 1676 341 1738 omnis
355 1674 389 1736 in
403 1696 485 1750 vase,
502 1674 542 1757 (Ρ)
558 1684 623 1736 tam
643 1674 676 1735 in
691 1675 821 1737 circuitu
835 1695 887 1736 ca·

240 1797 367 1848 taraciae
382 1783 475 1871 quim
490 1807 584 1868 supra
605 1782 775 1860 circellum,
798 1783 886 1868 cujus

238 1893 374 1957 fluiditas
383 1892 425 1957 ad
432 1891 699 1977 promptissimum
710 1902 741 1956 et
760 1890 886 1956 celerri-

239 2024 326 2067 mum
347 2023 439 2088 aquae
460 2002 646 2066 descensum
667 2021 731 2062 non
752 1999 884 2084 requiri-

239 2118 302 2171 tur.
348 2107 391 2171 Et
413 2107 453 2171 sit
478 2107 558 2171 PH
575 2108 608 2183 Q
631 2107 776 2170 columna
795 2129 885 2191 aquae

238 2235 334 2298 supra
354 2213 516 2278 circellum
537 2214 708 2299 congelata,
735 2213 884 2276 verticem
1142 2271 1147 2283 ,
1184 2268 1271 2298 ·....

236 2319 355 2384 habens
372 2319 410 2384 H
423 2333 455 2384 et
475 2321 671 2384 altitudinem
693 2319 727 2384 G
744 2318 789 2382 H.
842 2318 886 2383 Et
960 2299 987 2364 c
1115 2305 1146 2360 Ε
1167 2303 1237 2362 PG
1258 2303 1291 2362 θ’
1310 2303 1343 2358 Γ
1443 2305 1476 2367 D

236 2429 321 2516 finge
335 2443 526 2494 cataractam
536 2429 656 2493 hancce
670 2428 812 2512 pondere
827 2449 885 2492 suo

236 2546 304 2599 toto
318 2537 429 2600 cadere
444 2551 475 2601 et
488 2558 556 2600 non
570 2536 749 2599 incumbere
763 2535 796 2597 in
813 2535 841 2598 P
857 2535 893 2598 H
909 2536 952 2612 Q,
968 2557 1027 2600 nec
1041 2535 1172 2599 eandem
1186 2555 1338 2618 premere,
1355 2533 1411 2597 scd
1422 2533 1517 2596 libere

1214 1191 1235 1284 ¹.
1468 1197 1498 1280 l

131 2698 137 2713 ,
236 2653 268 2705 et
282 2643 349 2704 sine
361 2641 503 2706 frictione
524 2642 711 2728 praeterlabi,
735 2641 795 2704 nisi
808 2641 890 2705 forte
903 2642 936 2704 in
951 2643 1020 2727 ipso
1033 2641 1143 2728 glaciei
1159 2642 1272 2704 vertice
1287 2663 1351 2726 quo
1365 2652 1517 2704 cataracta

236 2748 306 2835 ipso
320 2750 452 2813 cadendi
466 2749 556 2814 initio
568 2749 695 2834 incipiat
709 2772 776 2813 esse
791 2771 883 2814 cava·
910 2749 953 2814 Et
968 2749 1230 2836 quemadmodum
1245 2771 1325 2835 aqua
1339 2749 1372 2810 in
1388 2750 1517 2814 circuitu

136 2920 143 2934 ,
237 2873 399 2924 cataractae
422 2860 585 2946 congelata
600 2860 632 2924 A
647 2860 686 2923 M
701 2860 730 2923 E
747 2860 784 2937 C,
810 2860 839 2923 B
855 2861 887 2923 N
903 2861 930 2923 F
945 2860 978 2924 D
1001 2882 1140 2925 convexa
1161 2874 1209 2924 est
1230 2861 1263 2921 in
1285 2861 1450 2943 superficie
1472 2861 1517 2922 in-

236 2968 325 3033 terula
348 2969 380 3033 A
395 2968 436 3033 M
451 2968 490 3045 E,
510 2969 585 3034 BN
602 2968 629 3034 F
650 2991 757 3035 versus
779 2980 966 3037 cataractam
991 2968 1162 3046 cadentem,
1188 2970 1232 3033 sic
1254 2970 1347 3033 etiarn
1372 2970 1443 3033 haec
1468 2992 1517 3035 co-

270 3160 331 3226 (⁶)0
349 3164 387 3211 Vel
402 3178 513 3212 accersam
531 3164 596 3225 dupli
612 3166 694 3213 κίταιῐί
712 3166 769 3213 AB
786 3182 858 3227 rapm
892 3170 905 3198 0
921 3164 1059 3214 considerari
1078 3166 1140 3213 enim
1158 3173 1232 3225 potest
1247 3166 1297 3213 aris
1314 3164 1341 3213 H
1361 3165 1385 3213 G
1401 3172 1429 3211 ut
1444 3162 1516 3225 paries

233 3227 353 3290 finani.
389 3226 452 3273 cnm
463 3226 565 3273 fundum
576 3228 664 3289 quale
679 3228 709 3275 ait
723 3227 859 3276 differentias
891 3230 949 3277 rasis
965 3231 1032 3291 cujus
1050 3230 1120 3277 sectio
1141 3230 1171 3277 sit
1190 3230 1218 3276 H
1237 3230 1259 3277 G
1278 3230 1298 3277 C
1317 3230 1349 3285 A,
1371 3238 1395 3275 et
1412 3229 1514 3275 foramen

237 3289 377 3337 circulonrm
395 3288 418 3335 A
432 3290 453 3336 B
465 3300 488 3337 et
500 3291 522 3337 E
536 3290 564 3347 F,
581 3305 687 3338 excessus
696 3291 762 3351 dupli
778 3292 860 3340 circuli
892 3294 917 3339 in
934 3294 1008 3340 fundo
1023 3294 1111 3341 factum
1127 3294 1156 3340 sit
1174 3294 1196 3341 Ε
1211 3294 1238 3349 P,
1254 3293 1429 3356 qualiscumque
1440 3300 1516 3337 autem

239 3353 261 3398 A
276 3352 307 3408 B,
318 3350 388 3411 κυρτὰ
398 3352 499 3400 fundum
509 3362 545 3400 est
555 3360 570 3401 2
583 3355 605 3401 Λ
619 3356 683 3403 B-
691 3357 714 3403 A
726 3356 748 3403 B
758 3356 790 3421 -l-
800 3356 823 3403 E
832 3357 859 3413 F,
893 3358 923 3403 sit
940 3358 978 3404 lex
994 3357 1042 3419 quir
1058 3356 1131 3404 effluit
1147 3373 1207 3418 aqua
1220 3371 1248 3403 cx
1268 3372 1327 3413 vase,
1347 3355 1429 3402 eodem
1448 3352 1515 3401 modo

237 3430 280 3462 seu
293 3416 315 3462 A
331 3417 351 3461 B
363 3415 396 3480 4-
409 3417 432 3463 E
446 3417 473 3463 1².
893 3436 940 3481 quo
951 3421 1037 3467 factum
1055 3430 1089 3468 est
1099 3437 1113 3467 a
1125 3420 1240 3467 Newtono
1250 3420 1275 3465 in
1287 3421 1357 3482 huJus
1373 3418 1515 3465 demonstra-

270 3480 305 3542 (Ρ)
316 3481 329 3510 *
341 3482 677 3531 Tomiacircuitucatarcctae.
701 3484 860 3539 Quemadmo-
893 3484 962 3531 tionis
972 3500 1026 3531 casu
1037 3484 1118 3544 primo,
1136 3484 1225 3542 concipi
1243 3493 1317 3543 potest
1327 3491 1441 3529 cataracta
1456 3490 1517 3527 trans

237 3540 296 3589 dum
306 3542 370 3589 enim
380 3543 450 3603 κυρτὰ
460 3544 514 3591 anti
524 3561 570 3591 cas.
586 3551 616 3601 1.,
633 3562 693 3607 aqua
706 3549 782 3594 omnis
792 3550 860 3609 cujus
892 3547 989 3610 glaciem
1000 3546 1103 3603 effluens,
1114 3546 1222 3594 adhibitis
1232 3546 1380 3601 cautionibus
1391 3544 1440 3591 illic
1451 3554 1516 3590 nota·

237 3604 339 3653 lluiditas
349 3606 379 3653 ad
390 3608 586 3668 promptissimum
597 3619 620 3655 et
630 3610 775 3657 celerrimum
793 3626 860 3670 nqusa
892 3612 928 3667 tis,
940 3621 966 3657 ut
973 3613 1023 3657 haec
1033 3612 1166 3671 hypothesis
1172 3610 1333 3657 mathematica
1340 3617 1455 3671 conquat
1462 3621 1516 3653 cum

238 3668 374 3717 descensmu
385 3670 493 3732 illiusque
508 3671 619 3719 effluxum
631 3674 784 3733 perforamen
803 3674 860 3721 EF
893 3673 946 3721 vera
964 3673 1062 3721 effluxus
1081 3690 1146 3735 aquia
1165 3674 1224 3736 lege,
1244 3674 1360 3735 quiteuut
1376 3672 1406 3717 ad
1425 3671 1516 3731 copiam

237 3732 327 3779 inutilis
337 3743 392 3788 erat,
404 3734 429 3780 in
439 3736 539 3782 circuitu
550 3746 668 3783 cataractae
678 3738 799 3800 congelata
804 3754 859 3797 sup·
893 3754 959 3799 aqua
969 3736 1084 3785 effluentis
1092 3738 1146 3784 dnm
1157 3746 1268 3797 tempore,
1280 3752 1327 3797 quo
1337 3736 1413 3795 posito
1423 3734 1517 3781 evidens

237 3799 373 3856 Ρῠῦώῑωῐ,
402 3798 472 3860 idque
497 3798 559 3845 recte
584 3800 673 3848 factum
699 3802 861 3861 experimentis
893 3811 928 3849 est
942 3800 1027 3847 lineam
1042 3801 1068 3847 H
1083 3802 1239 3847 Peonveram
1250 3801 1312 3847 sumi
1322 3800 1412 3847 debere.
1450 3796 1517 3852 Qut-

237 3859 318 3919 pomti
332 3871 449 3909 ostensum
465 3872 507 3918 est,
524 3862 557 3909 itai
571 3864 609 3910 hic
620 3864 663 3911 loci
675 3866 795 3927 congelata
804 3880 860 3924 κυρ-
894 3876 986 3925 propter
996 3864 1015 3909 ai
1025 3879 1054 3911 ex
1065 3865 1157 3925 punctis
1171 3864 1225 3911 Pet
1235 3864 1296 3919 Qad
1307 3874 1421 3924 punctum
1434 3862 1461 3907 H
1473 3861 1518 3907 du·

238 3924 294 3983 poni
310 3936 385 3985 potest
400 3941 461 3988 aqua
475 3927 552 3973 omnis
562 3927 587 3973 in
599 3944 651 3975 vase
661 3939 709 3975 tarn
725 3930 749 3974 in
761 3929 860 3976 circuitu
893 3938 975 3975 cantur
982 3928 1050 3974 linea
1057 3938 1130 3981 meta.
1140 3943 1193 3989 quia
1200 3942 1254 3975 cum
1263 3927 1375 3973 diametro
1389 3924 1518 3980 PQtrian-

238 3998 358 4035 cataractre
368 3988 439 4049 quam
449 3988 519 4051 κυρτὰ
534 3991 661 4047 circellum,
681 3994 749 4055 cujus
759 3992 860 4039 liuiditss
892 3994 976 4055 gulum
987 3993 1135 4048 constituant,
1154 4006 1226 4038 conus
1242 4006 1270 4037 ex
1287 3989 1431 4037 revolutione
1447 3988 1518 4050 hujus

238 4050 268 4097 sd
278 4053 475 4112 promptissimum
485 4064 509 4100 et
520 4054 664 4101 celerrimum
673 4072 739 4118 aqua
748 4055 861 4102 effluxum
894 4054 1004 4117 trianguli
1014 4054 1074 4101 circd
1083 4070 1150 4102 arem
1161 4056 1187 4101 H
1197 4056 1220 4101 G
1231 4054 1331 4115 genitus,
1342 4052 1519 4101 totuacoutiue-

237 4128 280 4173 per
289 4116 389 4175 epatium
400 4118 512 4164 annulare
525 4118 547 4176 E
558 4118 586 4174 P,
601 4118 660 4173 QF,
670 4134 717 4165 non
725 4119 860 4180 requiritur3
893 4119 956 4166 bitur
966 4118 990 4164 in
1001 4118 1075 4166 aolido
1085 4118 1148 4181 quod
1158 4134 1199 4179 per
1209 4118 1345 4165 rotationem
1361 4117 1444 4179 figurae
1460 4130 1518 4162 con-

238 4186 263 4223 et
272 4179 470 4239 quemadmodum
488 4181 573 4244 glacies
589 4182 613 4227 in
629 4182 727 4229 circuitu
743 4193 862 4229 cataramae
894 4197 958 4228 verre
969 4182 991 4229 P
1002 4182 1028 4229 H
1044 4181 1138 4237 Qcircla
1148 4181 1250 4229 eundem
1261 4196 1328 4227 axem
1344 4180 1371 4227 H
1386 4181 1410 4227 G
1420 4193 1519 4241 genera-

239 4241 370 4299 oonatituts,
384 4245 404 4291 C
417 4245 440 4291 E
453 4245 482 4291 M
496 4246 528 4299 A.
541 4246 565 4292 D
579 4245 598 4292 F
611 4247 635 4292 N
649 4245 861 4307 Bpertingcbatad
895 4256 939 4292 tur.
976 4246 1031 4293 Hoc
1043 4246 1115 4307 igitur
1125 4246 1233 4299 solidum,
1245 4260 1286 4291 seu
1298 4245 1409 4291 columna
1422 4242 1443 4289 P
1455 4244 1480 4289 H
1495 4242 1522 4297 Q

238 4304 383 4363 superficiem
395 4308 419 4354 A
432 4308 454 4355 B
466 4324 507 4355 seu
518 4308 643 4356 terminum
653 4309 736 4372 glaciei
750 4308 862 4357 continuo
895 4309 964 4371 κυρτὰ
974 4308 1091 4357 circellum
1104 4310 1231 4371 congelata,
1247 4306 1410 4370 magnitudine
1426 4314 1521 4367 superat

238 4366 385 4428 liqueseemis
398 4371 423 4417 K
437 4372 458 4418 A
474 4373 537 4428 BL,
549 4371 581 4419 iai
591 4389 651 4435 aqua
661 4372 731 4431 κυρτὰ
741 4373 860 4432 circellum
895 4388 980 4421 conum
998 4372 1065 4419 illum
1084 4374 1153 4436 cujus
1170 4372 1230 4419 basis
1249 4383 1283 4418 est
1298 4370 1404 4418 circellus
1423 4370 1444 4417 P
1457 4371 1483 4425 Q
1496 4378 1521 4417 at

238 4430 360 4493 congelata
374 4434 509 4492 producitur
518 4436 548 4483 ad
559 4447 673 4497 punctum
687 4437 720 4490 H,
738 4437 763 4483 in
779 4435 862 4483 cidem
894 4436 992 4487 altitudo
1006 4436 1031 4483 H
1046 4436 1076 4483 G.
1098 4435 1177 4492 Quare
1190 4438 1242 4499 (per
1254 4436 1323 4494 Prop.
1336 4436 1369 4481 X.
1385 4432 1518 4481 Lib.x11.

238 4494 359 4555 superficie
377 4498 400 4542 A
415 4498 436 4543 B
453 4499 569 4558 positum
587 4511 611 4547 et
626 4502 661 4547 uti
677 4501 762 4563 glacies
777 4504 803 4548 in
816 4503 862 4548 cir-
896 4500 987 4561 Elem.)
1007 4500 1116 4547 columna
1132 4500 1253 4562 congelata
1274 4498 1333 4545 PH
1347 4500 1377 4553 Q,
1396 4499 1471 4559 major
1486 4504 1524 4543 est
1628 4458 1629 4511 l

238 4560 303 4607 cuitu
320 4568 442 4607 sauram
461 4578 556 4611 convexo
572 4574 605 4611 eat
625 4566 703 4614 versic
723 4573 864 4612 cataractam
896 4563 963 4610 tertia
973 4574 1036 4623 parte
1047 4564 1144 4625 cylindri
1157 4579 1230 4625 aquae,
1247 4562 1314 4625 cujus
1324 4563 1384 4609 basis
1395 4572 1430 4609 est
1440 4560 1525 4608 circel·

238 4626 354 4671 ffldenlem
371 4624 450 4687 (272),
466 4628 498 4673 ric
514 4630 581 4674 etium
597 4632 706 4677 columna
716 4645 784 4691 uqaoe
793 4626 863 4689 κυρτὰ
896 4627 967 4675 lusP
985 4629 1010 4683 Q
1025 4637 1048 4676 et
1058 4628 1157 4675 altitudo
1171 4628 1193 4675 G
1207 4628 1241 4674 H.
1278 4626 1325 4673 Sed
1343 4626 1403 4672 sicut
1418 4624 1525 4671 fundum

238 4689 355 4736 Mum
370 4690 491 4743 melda
508 4693 532 4737 P
542 4693 572 4737 Η
582 4694 601 4744 Q
617 4709 712 4739 coaveaa
727 4695 770 4739 erit
785 4707 863 4739 verm
898 4692 920 4737 Ε
935 4692 962 4745 C,
977 4692 1034 4739 FD
1046 4692 1144 4739 sustinet
1151 4691 1242 4751 pondus
1252 4706 1319 4752 aquae
1329 4690 1354 4736 in
1365 4689 1440 4749 spatio
1447 4686 1526 4734 solido

238 4754 862 4813 mmmmmdeuenAHPEmanorm
898 4755 997 4803 CEM
1010 4756 1041 4815 A,
1063 4756 1088 4803 D
1106 4756 1125 4803 F
1142 4756 1167 4804 N
1185 4755 1207 4804 B
1226 4764 1347 4811 contentae,
1364 4751 1397 4801 ia
1416 4750 1528 4799 circellus
