3275 5650
119 453 232 517 Lini-:n
250 449 415 529 Sasona]
440 446 682 513 PRINCIPIA
704 442 1073 517 MATHEMATIOA.
1339 457 1397 515 stt

114 622 277 709 spherica,
293 620 502 683 movebuntur
515 618 677 703 particuiae
690 619 723 683 in
737 618 828 682 lineis
837 638 902 681 non
912 617 1114 683 circularibus
1125 618 1181 683 sed
1191 618 1400 687 conformibus

71 752 76 757 ·
115 730 218 795 eidem
231 727 312 789 vasis
323 726 444 813 figurae,
457 736 489 789 et
498 737 640 809 ternpore
649 724 808 810 periodica
818 734 910 788 erunt
920 736 956 788 ut
964 724 1114 809 quadrata
1124 723 1399 791 mediocriumdis-
1463 734 1470 749 ⁴

116 838 284 902 tantisrum
300 858 319 898 a
334 846 441 898 centro
456 833 712 919 quamproxime.
748 833 787 897 In
800 832 942 917 partibus
956 833 1038 896 inter
1051 842 1193 895 centrum
1200 842 1233 895 et
1240 831 1400 897 circumse-

117 948 261 1023 rentiam,
276 944 331 1009 ubi
345 943 456 1007 latiora
469 954 542 1007 sunt
556 942 664 1027 spatia,
677 942 829 1006 tardiores
837 952 929 1007 erunt
937 953 1052 1017 motus,
1061 939 1114 1004 ubi
1125 940 1305 1027 angustiora
1315 940 1399 1005 velo·

111 1056 212 1119 ciores
224 1050 258 1137 (s)
274 1072 377 1136 neque
388 1030 664 1134 tamenpsrticuiae
674 1048 845 1113 velociores
854 1032 961 1133 petent
971 1046 1258 1112 circumferentiam.
1296 1049 1399 1115 Arcus

111 1162 196 1227 enirn
210 1158 388 1223 describent
402 1158 503 1223 minus
518 1178 639 1233 curvos,
660 1167 692 1220 et
707 1166 838 1221 conatus
853 1155 1020 1220 recedendi
1034 1178 1054 1219 a
1077 1168 1186 1219 centro
1210 1177 1276 1219 non
1294 1158 1398 1223 minus

111 1268 303 1331 diminumur
317 1286 375 1347 per
389 1262 621 1327 decrementum
635 1262 728 1348 hujus
743 1251 928 1339 curvaturae,
945 1260 1040 1348 quim
1055 1261 1219 1349 augebitur
1229 1283 1286 1345 per
1295 1262 1397 1327 incre.-

113 1389 255 1441 mentum
270 1370 449 1437 velocitatis.
497 1371 662 1458 Pergendo
678 1394 697 1435 a
711 1372 816 1457 spatiis
832 1370 1064 1459 angustioribus
1077 1372 1112 1433 in
1126 1370 1235 1435 latiora
1250 1370 1397 1438 recfflent

111 1487 206 1571 paulo
227 1485 351 1569 longius
373 1506 392 1545 a
413 1494 530 1559 centro,
554 1481 609 1545 sed
623 1481 683 1545 isto
697 1504 820 1547 recessu
835 1481 1030 1556 tardesoent;
1052 1493 1085 1544 et
1098 1478 1274 1544 accedendo
1287 1492 1397 1563 postea

111 1593 150 1656 de
164 1590 327 1655 latioribus
342 1590 382 1653 sd
397 1589 576 1676 angustiora
589 1589 855 1665 accelerabuntur,
878 1600 910 1654 et
924 1589 969 1652 sic
982 1610 1041 1672 per
1061 1589 1144 1650 vices
1169 1587 1344 1652 tardesoent
1364 1600 1398 1652 et

112 1701 368 1767 accelerabuntur
381 1699 545 1785 particule
559 1699 691 1787 singulte
704 1700 738 1762 in
752 1709 949 1783 perpetuum.
983 1698 1023 1781 (⁸)
1041 1698 1124 1760 Hoec
1138 1697 1181 1759 ita
1195 1718 1228 1759 se
1237 1695 1396 1762 habebunt

109 1812 142 1873 in
157 1834 230 1874 vase
249 1808 362 1897 rigido.
407 1806 490 1871 Nam
504 1806 537 1869 in
552 1805 651 1869 fluido
666 1804 789 1869 infinito
804 1803 984 1869 constitutio
999 1802 1150 1867 vorticum
1165 1802 1331 1884 innotescit
1337 1825 1396 1887 per

112 1916 341 2001 Propositionis
355 1914 447 1999 hujus
464 1912 672 1977 Corollarium
688 1924 819 1977 sextum.

111 2030 124 2037 ”
152 2027 364 2110 Proprietates
379 2036 483 2088 autem
498 2024 651 2093 vorticum
665 2023 725 2089 haic
741 2023 959 2107 Propositione
972 2019 1159 2107 investigare
1173 2009 1302 2086 conatus
1315 2046 1394 2103 sum,

108 2147 143 2199 ut
156 2146 367 2218 pertentatum
382 2118 483 2218 siqui
499 2133 618 2201 ratione
633 2132 841 2217 phaenomena
854 2133 992 2197 coelestia
1012 2154 1069 2217 per
1090 2132 1222 2195 vortices
1245 2132 1396 2216 explicari

106 2244 237 2327 possint.
283 2241 367 2305 Nam
380 2240 610 2326 phaenomenon
626 2251 683 2318 est,
701 2241 786 2326 quod
800 2242 998 2325 planetarum
1012 2243 1095 2306 circa
1109 2242 1219 2306 Jovem
1235 2242 1395 2307 revolven-

106 2352 185 2425 tium
200 2362 342 2434 tempora
354 2347 514 2433 periodica
528 2359 600 2411 sunt
613 2348 646 2410 in
661 2348 781 2411 ratione
796 2349 1014 2434 sesquiplicati
1029 2350 1245 2415 distantiarum
1259 2361 1396 2419 acentro

106 2457 213 2531 Jovis;
236 2467 267 2519 et
281 2454 390 2519 eadem
404 2453 513 2539 regule
527 2454 647 2518 obtinet
661 2453 695 2517 in
716 2453 849 2537 planetis
874 2454 928 2540 qui
950 2454 1033 2517 circe
1058 2456 1162 2519 Solem
1186 2456 1395 2521 revolvuntur.

107 2561 261 2629 Obtinent
278 2574 383 2626 autem
396 2561 447 2624 hae
461 2562 579 2649 reguiae
594 2562 627 2625 in
640 2562 775 2647 planetis
789 2562 933 2647 utrisque
948 2583 1043 2646 quam
1056 2562 1296 2639 accuratissime,
1318 2562 1395 2649 qui-

105 2686 197 2738 tenus
212 2672 444 2736 observationes
459 2673 675 2735 astronomicis
689 2672 841 2737 hactenus
851 2669 1029 2755 prodidere.
1073 2670 1214 2756 Ideoque
1224 2673 1249 2735 si
1260 2668 1394 2754 plane‘tae

105 2783 151 2847 illi
165 2808 185 2848 a
198 2783 365 2848 vorticibus
380 2782 461 2846 circa
475 2781 587 2846 Jovem
602 2793 633 2846 et
649 2781 755 2847 Solem
771 2779 1002 2847 revolventibus
1023 2778 1211 2857 deferantur,
1234 2779 1394 2845 debebunt

106 2891 200 2954 etiam
213 2889 249 2952 hi
262 2890 393 2953 vortices
407 2888 518 2952 eidem
532 2888 601 2976 lege
615 2887 741 2953 revolvi.
786 2885 907 2952 Venim
921 2898 1063 2971 tempora
1074 2885 1233 2971 periodica
1258 2887 1394 2970 partium

105 2996 230 3060 vorticis
244 2995 468 3080 prodieruntin
479 2994 599 3058 ratione
609 2994 766 3080 duplicati
777 2994 996 3058 distantiarum
1006 3016 1025 3056 a
1035 3005 1143 3058 centro
1149 3006 1276 3060 motus:
1292 3016 1393 3082 neque

105 3113 208 3187 potest
222 3102 301 3166 ratio
316 3102 370 3165 ills
383 3101 514 3166 diminui
529 3101 613 3165 etad
629 3103 782 3166 rationem
798 3101 1049 3187 sesquiplicctam
1062 3100 1180 3180 reduci,
1197 3099 1236 3186 (i)
1257 3101 1318 3166 nisi
1342 3103 1392 3167 vel

105 3273 188 3322 culum
204 3272 360 3328 describentis,
387 3274 455 3336 quus
470 3272 549 3320 rudius
566 3273 588 3321 P
611 3274 634 3322 S.
671 3274 734 3321 Nam
798 3273 833 3338 (⁸)
846 3277 859 3304 ⁶
873 3272 1243 3331 Haecitasehubcbunt,inrase
1257 3273 1334 3336 rigido
1350 3284 1393 3324 sm

105 3347 199 3397 ternpus
215 3336 364 3396 periodicum,
382 3337 472 3384 caeteris
487 3337 587 3396 paribus,
605 3337 685 3384 crescit
706 3348 734 3386 ut
764 3337 790 3382 in
808 3337 883 3397 spatio
902 3336 954 3384 aliis
969 3338 1094 3384 vorticibus
1109 3336 1260 3394 circumdato,
1276 3353 1325 3402 quo
1340 3347 1392 3386 tan.

105 3401 214 3448 velocitas
224 3400 329 3448 absoluta
337 3399 447 3448 decrescit
453 3419 461 3460 ς
478 3399 582 3447 sederim
590 3411 669 3448 vortex
678 3417 734 3462 sup-
764 3415 835 3462 mam
851 3417 912 3457 vase,
931 3399 1000 3462 juxti
1018 3399 1115 3451 Cartesii
1138 3400 1272 3462 opinionem
1295 3402 1393 3452 mauris

105 3474 208 3524 ponatur
228 3479 277 3510 csse
297 3463 323 3510 in
347 3473 409 3511 statu
432 3463 584 3524 perinauenti,
607 3474 631 3512 et
651 3465 733 3512 eudem
765 3461 857 3511 vorticis
868 3464 1006 3511 mannent.
1042 3465 1218 3513 Exbissntem
1230 3465 1391 3514 Newtoniob·

105 3527 204 3588 proinde
215 3527 317 3574 materiae
328 3528 444 3589 quantitas
462 3541 503 3588 per
520 3528 601 3575 latiora
617 3529 691 3588 spatia
706 3537 733 3575 ut
765 3528 931 3576 servationinus
941 3529 1053 3589 sequimr.
1087 3535 1109 3577 1.
1125 3529 1275 3576 Planetamm
1290 3530 1331 3591 qui
1346 3530 1390 3576 cir-

108 3593 128 3640 C
142 3593 172 3648 A,
184 3601 208 3639 et
218 3605 259 3650 per
269 3592 402 3652 angustiora
413 3601 439 3640 ut
452 3593 472 3640 F
484 3592 519 3646 H,
532 3592 602 3638 dmul
617 3600 732 3649 transeatg
765 3587 793 3639 cei
806 3590 934 3639 cortesiani
944 3592 1037 3639 rortids
1045 3603 1153 3647 cerinum
1168 3591 1252 3640 eidem
1267 3592 1319 3654 lege
1334 3608 1390 3640 cum

106 3665 196 3716 oportet
207 3663 235 3702 ut
244 3655 345 3700 materie
355 3655 463 3701 velocitas
478 3656 503 3702 in
519 3655 598 3716 spatiis
613 3655 732 3704 latioribus
763 3655 855 3704 vorticis
865 3655 968 3714 partibus
977 3667 1107 3712 morentur,
1125 3656 1209 3707 orbitas
1224 3655 1254 3703 ed
1268 3656 1344 3720 magis
1359 3655 1390 3704 ad

106 3721 235 3773 minuatur,
252 3725 275 3764 st
291 3719 315 3764 in
333 3717 504 3778 angustioribus
518 3729 638 3782 augeatur.
675 3721 731 3775 Quo
763 3718 843 3766 circuli
855 3719 955 3781 figuram
965 3720 1074 3766 accedere
1084 3721 1225 3781 debereque
1239 3728 1319 3766 centro
1337 3733 1389 3765 vor-

76 3813 79 3817 ·
105 3783 132 3830 fit
142 3792 171 3830 ut
180 3781 294 3843 particula
305 3781 334 3837 P,
346 3780 427 3827 eodem
438 3780 486 3828 sere
500 3789 603 3842 tempore
618 3783 731 3830 describat
762 3781 813 3828 a'cis
823 3783 941 3841 propiores
951 3790 1020 3838 sunt3
1037 3781 1390 3842 etpropteredexcentricitatem

76 3839 81 3874 1
105 3848 203 3894 orbitam
221 3846 243 3894 B
266 3845 288 3892 P
312 3845 336 3892 G
358 3844 389 3901 B,
411 3859 458 3906 quo
480 3845 600 3892 velocitate
620 3846 731 3895 mediocri
762 3845 842 3892 orbitae
854 3844 967 3891 Mercurii
977 3842 1049 3904 longe
1058 3845 1173 3896 minorem
1187 3860 1236 3892 esse
1254 3846 1390 3893 excentrici-

77 3927 81 3952 .¹
105 3911 242 3958 describeret
252 3907 366 3956 circulum
377 3907 445 3970 cujus
455 3917 514 3954 esset
524 3909 634 3956 radiusP
645 3912 669 3958 S.
762 3917 809 3956 tate
820 3909 900 3955 orbita
913 3907 1007 3954 Saturni
1017 3917 1041 3954 ct
1056 3909 1163 3958 omnium
1178 3908 1323 3970 superiorum
1339 3910 1389 3970 pla-

137 3974 169 4039 (1)
182 3977 196 4004 ⁰
206 3976 289 4036 Neque
295 3974 500 4033 temperacula
508 3974 632 4020 uebcims.
668 3974 731 4021 Nam
762 3981 877 4027 netarum,
888 3969 969 4018 matri
978 3971 1148 4020 observationes
1155 3973 1323 4020 astronomicas.
1346 3975 1389 4022 Se·

104 4047 184 4086 vortex
195 4051 243 4083 non
253 4045 328 4098 potest
339 4051 388 4084 eme
398 4036 423 4082 in
434 4043 495 4083 statu
514 4037 659 4096 permanenti
674 4038 732 4098 quin
763 4037 843 4098 quitur
853 4042 875 4083 2.
887 4036 912 4082 in
931 4034 1067 4083 emenus
1081 4035 1202 4098 hypothesi
1217 4035 1325 4096 explicari
1341 4050 1389 4084 nou

104 4101 218 4162 particula
231 4101 259 4156 P,
271 4100 296 4146 in
307 4099 386 4160 spatiis
396 4100 567 4163 angustioribus
581 4099 603 4146 L
615 4099 648 4156 N,
662 4101 683 4148 F
695 4101 731 4158 H,
763 4115 830 4160 posse
845 4115 887 4147 cur
901 4098 1002 4160 planeta
1017 4100 1108 4162 ellipses
1123 4109 1248 4156 accuratas,
1265 4114 1313 4146 non
1334 4098 1389 4149 verb

104 4165 135 4212 ad
145 4173 252 4212 centrum
265 4163 401 4222 Saccedat3
418 4174 442 4212 et
451 4163 505 4212 ided
516 4178 609 4212 necesse
619 4172 692 4211 estut
706 4164 733 4211 in'
763 4161 862 4211 circulos
872 4173 913 4210 sut
923 4163 1060 4224 irregulares
1074 4165 1161 4226 figuras
1176 4163 1311 4212 describant.
1347 4164 1389 4212 Se-

105 4229 187 4276 iisdem
198 4227 277 4288 spatiis
288 4237 385 4276 conatm
394 4227 542 4277 recudendis
557 4236 637 4282 centro
651 4228 732 4276 minus
763 4227 843 4290 quitur
853 4233 877 4274 5.
889 4227 995 4276 omnium
1007 4228 1132 4276 orbitarum
1144 4227 1235 4288 spiselis
1245 4236 1269 4274 et
1279 4226 1390 4287 peribelia

105 4301 219 4356 augeatur
228 4307 269 4352 per
280 4292 449 4340 incrementum
465 4292 598 4349 velocitatis,
613 4290 731 4352 quamdi.
763 4307 778 4338 a
789 4291 844 4338 Sole
854 4301 955 4352 spectata
965 4291 990 4337 in
1001 4291 1084 4338 iisdem
1091 4289 1152 4338 inter
1159 4292 1218 4339 fixas
1225 4289 1282 4338 locis
1289 4306 1339 4339 esse
1346 4308 1390 4353 po·

104 4355 447 4415 minuiturperdecrementum
455 4366 591 4405 cunctare.
615 4357 660 4404 Est
668 4355 731 4403 enirn
763 4355 807 4403 sita
816 4353 887 4416 atque
901 4354 999 4402 immota
1013 4369 1122 4412 manere3
1137 4355 1192 4402 eum
1208 4364 1287 4402 umen
1302 4371 1332 4402 ex
1346 4358 1390 4403 ob·

105 4422 139 4468 vis
148 4419 196 4482 qui
206 4419 319 4480 particula
331 4420 361 4478 P,
372 4421 398 4466 in
408 4420 461 4468 loeo
474 4421 505 4478 G,
517 4421 600 4470 nitimr
609 4417 731 4467 scircum·
763 4417 930 4466 secretionibus
936 4420 1096 4467 mtronomicis
1101 4429 1190 4466 certum
1197 4419 1233 4475 sit,
1243 4419 1388 4478 planetarum

104 4483 203 4531 ferentii
214 4483 243 4532 Μ
258 4485 281 4532 G
291 4484 404 4540 recedere,
415 4493 443 4531 ut
452 4485 591 4546 quadratum
605 4482 732 4532 velocitatis
762 4483 855 4542 spheiia
864 4498 879 4529 a
888 4498 914 4529 se
924 4482 1023 4530 invicem
1033 4483 1104 4548 longe
1113 4484 1198 4530 diane
1207 4493 1232 4531 et
1241 4484 1306 4531 lento
1322 4493 1389 4532 motu

104 4546 223 4607 particule
238 4545 325 4596 directe
341 4556 365 4594 et
377 4547 456 4596 radius
466 4547 548 4596 circuli
558 4562 653 4596 curvam
663 4561 730 4594 meu·
762 4547 819 4609 agi„

105 4612 173 4658 icntis
183 4612 207 4657 in
223 4611 254 4666 G,
265 4609 355 4659 inverse
366 4612 434 4676 (Cor.
451 4615 471 4660 1.
487 4611 556 4673 Prop.
571 4611 618 4659 lv.
637 4620 662 4658 et
679 4620 727 4658 not.
796 4609 833 4674 (¹¹)
846 4613 859 4640 ⁰
882 4610 938 4660 Nus
947 4612 981 4658 vel
989 4612 1087 4659 Μανία
1097 4612 1185 4659 mrticis
1199 4609 1223 4660 cd
1234 4613 1335 4676 fluidior
1350 4613 1386 4660 sit.

107 4681 158 4724 121.
171 4674 225 4724 Lib.
237 4673 281 4738 L).
720 4737 745 4785 U
764 4673 884 4738 (Percot-
894 4673 963 4736 δῦθι)
