3275 5650
265 366 327 477 ras
505 397 508 406 ’
586 399 927 478 aurcosoeurm
949 411 1223 478 naruanms
1279 413 1391 493 [nos.
1402 414 1556 481 cassos.

265 582 323 647 Est
338 583 422 647 enim
436 582 546 648 eadem
561 584 640 648 ratio
654 583 789 667 partium
811 585 965 687 majorum
986 584 1160 670 systematis
1185 584 1347 671 utriusque
1368 599 1461 674 atque
1481 610 1556 722 par-

191 711 197 723 ·
262 692 501 758 titulorum·

308 797 544 863 caratam
572 796 687 861 similes
715 808 747 861 et
774 797 916 862 similiter
943 798 1053 882 positae
1082 809 1284 884 systematum
1312 812 1415 883 pmtes
1439 823 1553 867 omnes

262 905 421 989 quiescant
434 904 516 967 inter
530 925 580 967 se:
605 915 637 967 et
650 924 757 967 earum
772 903 856 980 duae,
871 924 943 988 quoe
957 903 1077 967 caeteris
1090 904 1224 988 majores
1239 904 1310 981 sint,
1326 918 1358 969 et
1371 906 1430 969 sibi
1439 922 1552 971 mutuo

216 1042 223 1051 „
261 1011 450 1095 inutraque
480 1020 646 1095 systemate
675 1009 957 1094 correspondent,-
979 1009 1152 1075 secundnm
1176 1009 1275 1074 lineas
1304 1011 1443 1076 aniliter
1470 1014 1549 1079 sitas

261 1116 353 1181 simili
368 1138 440 1180 cum
453 1129 542 1179 motu
558 1128 726 1200 utcumque
740 1117 859 1180 moveri
872 1116 1040 1201 incipiant:
1062 1116 1114 1179 hae
1128 1117 1244 1181 similes
1258 1118 1291 1182 in
1306 1120 1432 1205 reliquis
1451 1136 1549 1207 syste-

259 1238 379 1290 matum
392 1223 535 1309 partibus
551 1223 732 1287 excitabunt
745 1237 860 1300 motus,
876 1234 910 1287 et
921 1235 1054 1310 pergent
1067 1224 1150 1287 inter
1164 1224 1246 1306 ipsas
1260 1226 1457 1308 temporibus
1472 1250 1549 1312 pro-

260 1330 485 1415 portionalibus
501 1328 642 1393 similiter
663 1330 798 1405 moveri3
823 1340 916 1414 atque
938 1328 1010 1395 ideb
1031 1328 1131 1469 spatia
1151 1328 1309 1394 diameuis
1330 1331 1393 1394 suis
1414 1353 1549 1418 propor-

260 1442 388 1509 tionalia
402 1442 605 1507 describere.

422 1696 706 1763 raorosmro
729 1697 901 1762 xxxm.
947 1680 1219 1764 annotans
1241 1697 1389 1763 xxvu.

257 1872 370 1935 Iisdem
388 1873 509 1953 positis,
535 1873 602 1934 diac
623 1872 703 1953 quad
722 1880 909 1958 systmtotam
918 1880 1026 1952 partes
1040 1869 1166 1954 majores
1177 1872 1356 1935 resistenter
1371 1872 1404 1933 ia
1426 1874 1549 1935 ratione

302 1980 462 2063 corapositd
482 2003 519 2043 et
538 1978 695 2062 duplicati
716 1982 838 2043 ratione
857 1975 1049 2049 ‚mlocitatttm
1074 2002 1194 2044 ntorum
1208 1991 1237 2045 et
1251 1980 1413 2064 duplicati.
1425 1984 1549 2045 ratione

301 2092 514 2153 diametromsm
528 2100 556 2155 et
569 2092 691 2153 ratione
705 2091 865 2153 densitatis
873 2089 1011 2170 partium
1026 2099 1223 2173 &stentem

302 2283 385 2346 Nam
411 2282 585 2345 resistentia
607 2282 707 2345 oritur
731 2281 845 2366 partim
870 2304 911 2346 ex
934 2282 1052 2346 viribus
1077 2282 1256 2367 centripetis
1285 2284 1335 2348 vel
1363 2280 1548 2369 centrifugis

257 2390 370 2477 quibus
384 2390 546 2475 particulae
568 2402 771 2476 systematum
792 2413 827 2454 se
847 2401 957 2454 mutuo
978 2390 1107 2477 agitant,
1130 2392 1244 2475 partim
1259 2411 1301 2454 ex
1316 2389 1492 2453 occursibus
1514 2401 1549 2453 et

257 2497 477 2561 reflexionibus
498 2498 719 2581 particularum
743 2509 775 2561 et
796 2498 932 2583 partium
948 2500 1111 2583 majorum.
1157 2475 1276 2563 prioris
1297 2511 1400 2565 autem
1420 2497 1548 2586 generis

256 2602 438 2668 resistentiae
464 2615 535 2666 sunt
559 2603 599 2666 ad
624 2604 756 2666 invicem
779 2616 815 2667 ut
840 2604 920 2668 vires
946 2616 1020 2668 totae
1045 2606 1190 2669 matrices
1214 2630 1233 2669 a
1255 2607 1366 2691 quibus
1389 2608 1548 2681 oriuntur,

257 2711 295 2796 (Ζ)
313 2710 346 2774 id
361 2722 417 2787 est,
441 2722 477 2773 ut
491 2710 571 2775 vires
586 2723 661 2774 totae
676 2710 907 2776 acceleratrices
929 2723 961 2775 et
983 2712 1169 2797 quantitates
1191 2712 1329 2775 materiae
1350 2712 1382 2774 in
1402 2711 1549 2794 partibus

256 2818 588 2904 correspondentibus3
620 2820 682 2883 hoc
708 2833 756 2884 est
779 2827 850 2907 (per
875 2820 1088 2906 Hypothesin)
1115 2834 1148 2886 ut
1173 2821 1323 2908 quadrata
1346 2820 1547 2887 velocitatum

256 2923 372 2988 directe
388 2936 420 2988 et
434 2925 588 2990 distantiae
603 2928 828 3013 particularum
849 2928 1160 3012 correspondentiam
1174 2927 1296 2992 inverse
1311 2941 1342 2992 et
1356 2929 1547 3014 quantitates

255 3031 393 3095 materiae
415 3031 448 3094 in
472 3033 614 3116 partibus
640 3035 956 3118 correspondentibus
979 3033 1112 3098 directd:
1143 3034 1275 3120 ideoque
1297 3057 1368 3098 curn
1389 3035 1547 3099 distantiae

255 3141 477 3222 particularum
500 3143 672 3232 systematis
689 3142 779 3207 unius
795 3145 857 3208 sint
872 3143 913 3207 ad
927 3144 1088 3207 distantias
1110 3143 1388 3227 correspondentes
1409 3145 1547 3227 particu-

255 3246 355 3308 larum
378 3246 512 3323 alterins,
539 3260 575 3311 ut
597 3247 748 3312 diameter
766 3251 929 3334 particulae
950 3251 1001 3313 vel
1022 3250 1118 3334 partis
1140 3252 1174 3312 in
1196 3262 1359 3336 systemate
1377 3250 1480 3333 priore
1501 3250 1546 3313 ad

255 3352 439 3416 diametrum
453 3353 616 3436 particulae
629 3355 679 3418 vel
690 3357 787 3439 partis
803 3341 1075 3441 correspondentis
1089 3356 1122 3418 in
1136 3356 1244 3432 alter0,
1261 3355 1299 3439 (⁸)
1309 3366 1341 3418 et
1357 3355 1545 3440 quantitates

255 3461 392 3525 materiae
407 3462 469 3524 sint
483 3475 517 3526 ut
532 3462 700 3527 densitates
714 3465 851 3548 partium
866 3478 897 3531 et
912 3466 984 3529 cubi
1006 3465 1226 3528 diametrorum
1234 3487 1245 3538 3
1267 3463 1450 3527 resistentiae
1470 3477 1546 3530 sunt

254 3571 295 3634 ad
310 3572 441 3636 invicem
455 3584 491 3635 ut
505 3573 655 3658 quadrata
670 3573 868 3637 velocitatum
882 3589 914 3639 et
928 3574 1079 3660 quadrata
1093 3573 1314 3636 diametrorum
1329 3585 1361 3636 et
1375 3572 1545 3637 densitates

252 3680 390 3766 partium
411 3692 621 3767 systematum.
666 3680 710 3757 Q.
727 3704 754 3745 e.
770 3682 803 3745 d.
850 3683 889 3769 (¹³)
914 3683 1099 3760 Posterioris
1121 3682 1243 3770 generis
1264 3681 1447 3746 resistentia
1469 3693 1547 3746 suut

287 3878 297 3938 (
300 3873 435 3934 'i‘ldest
447 3877 597 3923 utvirestatae
604 3877 883 3939 weelnatrr'cesetquan·
915 3872 986 3930 unte,
998 3873 1128 3936 conjunctis
1143 3870 1179 3919 bis
1194 3872 1328 3927 rationibus,
1344 3870 1479 3918 resistentia
1488 3886 1547 3946 quae

254 3941 329 3986 tauta
340 3943 443 3986 materia
455 3941 508 4001 (per
521 3938 578 3985 Des.
592 3944 614 3984 8.
629 3938 683 3986 Lib.
699 3939 719 3986 1.
725 3938 743 3998 ).
915 3952 944 3985 ex
955 3938 1121 3997 ριηίιιιιιιιιιιι
1131 3946 1155 3984 et
1165 3937 1266 4011 partium
1276 3936 1392 3997 maJorum
1407 3934 1547 3982 occursibus

287 4002 350 4065 (Ψ
364 4005 398 4050 Et
407 4005 549 4064 qncnwates
559 4005 724 4059 motmunt
734 4004 779 4050 dac.
800 4004 885 4057 Quan-
916 4012 940 4048 et
958 4001 1120 4049 reflexionibus
1138 4002 1252 4056 oriuntur,
1274 4008 1330 4045 sunt
1350 4013 1441 4074 semiper
1458 4008 1487 4045 ut
1504 4013 1545 4044 re-

254 4063 330 4112 titates
349 4066 452 4112 materia
469 4074 525 4111 sunt
543 4074 570 4112 ut
585 4065 710 4112 densitates
725 4075 749 4113 et
764 4067 885 4114 solumina
916 4065 1043 4112 flexionum
1054 4064 1283 4124 correspondentium
1290 4061 1546 4116 numerietvirescon-

254 4128 557 4190 partiumconjunctimw.
535 4128 627 4175 abib.
642 4130 686 4190 1.),
704 4131 883 4191 etobpartium
911 4129 1021 4192 junctim.
1058 4128 1159 4177 Numeri
1177 4131 1256 4173 autem
1275 4125 1435 4182 reflexionum,
1452 4125 1546 4172 caeteris

254 4191 441 4248 similitudinem,
461 4191 581 4238 volumina
597 4202 652 4237 sunt
669 4203 695 4240 ut
710 4195 767 4241 cubi
783 4195 883 4241 laterum
914 4193 1015 4253 paribus,
1035 4202 1089 4239 aunt
1106 4190 1250 4248 adinvicem
1262 4200 1289 4238 ut
1296 4190 1427 4236 velocitates
1438 4188 1543 4248 pardum

254 4254 439 4328 homolcgorum,
457 4270 499 4300 seu
509 4253 682 4313 diametrorum,
699 4256 883 4320 ideoquequau-
915 4256 1143 4316 correspondentium
1164 4243 1258 4310 directe,
1279 4263 1310 4310 οἳ,
1333 4253 1420 4300 Mem
1437 4251 1544 4312 P⁸¹¹b¹¹⁵s

253 4316 331 4362 titates
342 4318 445 4363 materia
456 4327 512 4365 arnt
519 4326 547 4365 ut
557 4319 680 4367 densitates
690 4321 883 4382 partinmeteubi
915 4331 971 4368 sunt
981 4317 1070 4366 invasa
1081 4328 1108 4365 ut
1118 4318 1192 4378 spatia
1201 4318 1263 4364 inter
1273 4317 1437 4378 particulamm
1454 4326 1478 4362 et
1488 4331 1545 4375 par·

253 4379 428 4426 diametrorum
915 4384 976 4431 tium
989 4381 1219 4442 correspondentiam
1234 4395 1344 4428 occursus
1354 4396 1394 4426 seu
1404 4378 1545 4428 reflexiones

269 4443 338 4518 (9)·
350 4446 505 4491 Posterior-iso
488 4448 719 4504 genemresbtenstoe,
725 4449 767 4495 &a
788 4448 883 4496 sienim
915 4447 1048 4506 intercepta,
1065 4446 1090 4492 id
1102 4456 1198 4501 ests
1158 4446 1198 4493 mv
1198 4444 1396 4505 esseutpartium
1406 4457 1543 4502 emespon-

252 4505 314 4554 vires
324 4505 476 4552 reflexionum
492 4520 653 4567 supponantur
661 4512 767 4572 aequales,
776 4512 882 4559 resistes
913 4512 1021 4558 dandum
1039 4509 1152 4566 diametri,
1172 4507 1272 4570 ideoque
1286 4511 1378 4557 nemas
1393 4509 1545 4571 resteaiomm

253 4569 294 4617 tiae
305 4578 361 4617 sunt
372 4579 398 4616 ut
409 4585 500 4616 numen
495 4571 664 4621 reflexionum
675 4591 716 4623 sen
728 4591 880 4632 cecursnum3
914 4585 970 4623 snat
979 4578 1030 4622 ad
1021 4578 1123 4623 moisem
1130 4583 1158 4622 at
1167 4576 1292 4621 nelodtntas
1299 4575 1402 4633 partiam
1410 4585 1547 4631 amterm-

253 4643 277 4682 et
292 4633 312 4682 si
330 4649 422 4682 numam
415 4633 586 4683 reflexionem
602 4648 730 4700 aquantur,
748 4639 883 4686 resistentia
915 4643 1021 4692 dentiam
1035 4638 1116 4686 directi
1135 4647 1160 4684 et
1174 4635 1308 4683 eansmdem
1324 4634 1431 4682 &ameni
1441 4631 1542 4680 inverse.

253 4711 308 4747 sunt
330 4709 358 4747 nt
378 4698 438 4746 vires
458 4697 612 4748 reflexionum
633 4703 883 4764 correspondentiam,
916 4707 950 4753 Bt
966 4721 1023 4752 anes
1037 4703 1188 4764 epimonem
1197 4708 1254 4748 sant
1267 4709 1295 4748 at
1310 4697 1388 4746 motin
1402 4699 1549 4760 qaactitates
