3275 5650
97 444 213 507 Lmen
232 440 396 521 Sicorin]
462 439 703 510 PRINCIPIA
726 444 1098 512 MATHEMATICA.
1341 451 1384 530 ⁸³..

93 609 280 695 hyperbole
293 608 327 673 in
341 630 470 674 escensu
481 611 620 694 eorporis
641 612 681 675 sb
703 613 744 689 A,
771 624 802 676 et
815 612 919 675 minus
939 624 1092 677 accurate
1104 612 1139 675 in
1151 613 1218 697 ejus
1232 612 1384 677 descensu

93 720 132 783 ed
149 720 202 796 K;
230 731 262 785 et
276 732 394 785 contre.
440 720 626 805 Hyperbolir
648 721 756 785 conica
777 720 968 783 mediocrem
981 720 1134 785 rationem
1154 731 1250 797 tenet,
1276 732 1384 805 estque

92 827 214 890 caeteris
231 826 411 911 simplicior.
455 825 557 912 Igitur
571 826 597 889 si
612 826 785 912 hyperbole
799 829 840 891 sit
852 826 945 911 hujus
957 827 1093 913 generis,
1117 837 1150 890 et
1168 838 1320 911 punctum
1337 826 1380 903 K,

91 932 144 997 nbi
172 952 290 1016 corpus
314 933 487 1017 projectum
511 930 628 995 incidet
649 932 683 994 'm
705 932 991 1019 tampnis
1013 933 1047 997 A
1060 931 1095 997 N
1113 934 1384 1018 populeturnA

94 1050 323 1114 transeuntem,
361 1047 534 1123 quatur:
577 1050 721 1101 oocurrm

92 1142 625 1235 modmsANssymptotis'MX,
639 1146 716 1211 NX

91 1260 123 1321 in
150 1255 192 1319 M
214 1266 250 1320 et
271 1254 315 1331 N,
343 1268 375 1318 et
395 1264 537 1319 sumatur
557 1252 637 1318 NK
659 1253 718 1337 ipsi

94 1366 124 1429 A
138 1364 180 1427 M
194 1362 337 1449 aequslis.

4 1462 5 1477 ¹
132 1474 214 1553 Reg.
234 1478 265 1533 7.
290 1470 333 1533 Et
346 1468 420 1531 hinc
432 1468 534 1555 liquet
553 1468 718 1533 methodus

92 1577 242 1661 expedita
264 1576 496 1640 determinandi
509 1576 591 1640 hanc
604 1576 719 1661 hyper·
764 1593 769 1601 ·

92 1685 194 1747 bolam
210 1704 256 1747 ex
274 1684 499 1768 phoenomenis.
547 1684 717 1769 Projician-

4 1872 6 1885 Ι
90 1804 140 1855 tur
155 1812 300 1875 corpora
320 1790 384 1854 duo
404 1790 561 1859 similis.et
575 1792 715 1877 equalis,

90 1900 201 1963 eidem
218 1898 395 1975 velocitate,
417 1896 452 1961 in'
472 1897 593 1984 angulis
616 1897 718 1961 diver-

89 2007 126 2069 sis
148 2006 189 2069 H
205 2007 239 2069 A
258 2005 301 2082 K,
324 2004 393 2068 in
407 2004 439 2081 k,
463 2002 660 2091 incidamque
683 2006 717 2069 in
762 2052 804 2103 m
843 2048 878 2097 A
908 1984 972 2100 335}

87 2113 216 2197 planum
231 2111 404 2173 horizontis
414 2110 451 2174 in
467 2110 501 2173 K
515 2124 547 2174 et
560 2112 599 2186 k;
615 2124 647 2203 et
656 2135 713 2177 no·
848 2096 915 2179 cis

4 2246 5 2267 ³
88 2231 169 2283 tetur
189 2218 362 2302 proportio
377 2218 408 2281 A
425 2216 457 2281 K
478 2216 520 2279 ed
543 2217 574 2281 A
587 2218 621 2281 k.
669 2220 717 2285 Sit
1184 2257 1190 2267 «

4 2350 6 2415 ζ
40 2399 46 2417 .
90 2324 217 2390 esdad
233 2347 264 2387 e.
310 2324 395 2387 Tum
409 2334 512 2386 erecto
534 2324 668 2408 cujusvis
690 2326 893 2413 longitudinis
914 2328 1139 2413 perpendiculo
1160 2331 1192 2395 A
1208 2331 1243 2407 Ι,’
1258 2353 1381 2395 assume

92 2446 255 2518 utcunque
269 2429 496 2517 longitudinem
511 2432 542 2494 A
559 2431 596 2495 H
610 2432 660 2496 vel
675 2435 706 2497 A
720 2435 752 2511 h,
777 2434 811 2519 (¹)
827 2448 858 2499 et
880 2437 954 2501 inde
975 2438 1087 2525 collige
1108 2440 1258 2525 graphicd
1278 2441 1380 2529 longi-

88 2539 211 2609 sudines
228 2538 264 2601 A
282 2536 328 2611 K,
347 2536 380 2599 'A
394 2536 430 2612 k,
449 2558 506 2619 per
522 2536 602 2623 Reg.
618 2548 648 2603 6.
695 2541 730 2604 Si
745 2541 824 2603 ratio
839 2543 870 2605 A
882 2542 915 2605 K
930 2542 971 2606 ad
985 2545 1048 2607 Ak
1062 2545 1102 2611 sit
1115 2544 1226 2609 eedem
1240 2569 1312 2610 oum
1325 2558 1380 2610 rs·

27 2654 31 2663 '
89 2646 170 2709 tione
185 2644 208 2707 d
224 2642 269 2707 ad
283 2664 313 2719 e,
335 2640 382 2727 (Ν)
397 2640 560 2729 longitudo
575 2642 607 2708 A
623 2644 660 2709 H
674 2650 757 2710 recte
770 2662 930 2733 assumpta
940 2647 1007 2713 fuit
1052 2649 1109 2715 Sin
1129 2650 1234 2715 minus
1248 2673 1326 2737 cepe
1345 2654 1380 2719 in

90 2857 162 2906 Porro
177 2856 238 2906 chin
255 2870 369 2904 numerus
379 2871 395 2902 n
406 2855 477 2917 possit
487 2869 536 2908 esse
547 2858 644 2922 quilibet
661 2859 721 2910 inte·
753 2860 815 2922 poris
831 2865 876 2911 sub
891 2860 987 2910 Aversis
1000 2864 1094 2926 ungulis
1106 2866 1133 2913 H
1148 2866 1170 2911 A
1182 2864 1217 2922 K,
1228 2866 1244 2911 h
1257 2866 1280 2912 A
1292 2863 1311 2910 k
1325 2879 1378 2924 pro·

89 2937 128 2982 ger
144 2922 184 2968 vel
203 2921 304 2978 fractus,
328 2929 351 2967 et
367 2921 393 2967 in
411 2922 536 2982 hyperbole
556 2926 636 2972 conica
657 2925 686 2972 slt
705 2941 721 2972 n
749 2928 812 2991 jecti,
832 2937 911 2974 manet
932 2927 1125 2988 perpendiculum
1148 2929 1172 2975 A
1192 2929 1213 2982 1,
1236 2937 1260 2975 et
1280 2937 1380 2990 tangens

89 2986 183 3046 aquilis
193 2983 293 3040 unitati,
310 2999 363 3045 quie
373 2983 444 3033 veluti
455 2986 558 3034 medium
569 2988 647 3036 locum
658 2999 721 3038 tenet
754 2992 777 3038 A
791 2991 818 3038 H
835 2991 931 3052 requelis
946 3001 981 3039 est
999 2992 1104 3053 ungenti
1123 2992 1174 3039 Ah
1189 2994 1242 3054 (per
1260 2991 1380 3053 Regulum

88 3048 146 3094 inter
163 3063 282 3095 numeros
300 3062 381 3094 omnes
397 3049 499 3111 integros
516 3060 540 3098 et
558 3051 649 3110 fructos,
667 3053 722 3100 setis
755 3053 819 3115 1²²¹).
857 3055 925 3102 Datis
935 3063 1045 3118 tangente
1058 3057 1081 3102 A
1094 3056 1130 3111 H,
1141 3055 1229 3117 ungulo
1241 3056 1268 3102 H
1281 3057 1305 3102 A
1318 3053 1344 3100 Κ
1355 3063 1380 3100 et

89 3112 242 3158 manifestum
255 3119 291 3157 est
306 3110 457 3170 hyperusiam
468 3113 572 3161 tonicam
583 3115 643 3161 inter
653 3132 721 3176 supe·
753 3117 919 3178 perpendiculo
939 3119 963 3165 A
976 3119 996 3174 1,
1015 3119 1143 3180 hyperbole
1161 3122 1185 3165 A
1200 3119 1224 3165 G
1236 3119 1263 3166 Κ
1280 3118 1380 3166 describi

88 3176 157 3222 riores
168 3191 258 3222 omnes
269 3184 293 3220 et
307 3175 425 3222 inferiores
435 3176 570 3236 hyperbolis
580 3178 721 3226 mediocrem
751 3191 828 3242 potest
838 3184 890 3245 (per
902 3183 962 3244 Reg.
976 3181 1031 3230 6²⁰³·
1042 3192 1067 3230 ct
1076 3193 1157 3230 notem
1167 3182 1279 3244 preced.)
1291 3191 1316 3229 et
1325 3179 1379 3228 ided

88 3241 206 3286 rationem
216 3247 306 3292 tenere,
323 3238 410 3298 etquis
420 3237 488 3286 etiarn
500 3241 587 3287 caeteris
597 3241 721 3302 simplicior
752 3244 807 3291 data
816 3256 851 3290 sm
861 3255 912 3291 turn
929 3245 1011 3305 specie,
1030 3255 1083 3292 tum
1098 3244 1269 3308 magnitudine.
1306 3243 1378 3294 Unde

89 3313 128 3359 est,
139 3318 212 3362 posse
223 3301 280 3348 loco
290 3316 350 3346 verm
360 3302 495 3361 trejectoriie
505 3305 530 3350 in
541 3304 618 3352 medio
634 3306 722 3352 unifor-
754 3309 774 3354 si
789 3308 875 3356 dentur
889 3317 981 3355 tentum
996 3310 1098 3372 sugerius
1110 3310 1137 3356 H
1152 3310 1175 3356 A
1188 3309 1214 3356 Κ
1225 3318 1249 3355 et
1259 3309 1317 3356 rstio
1327 3318 1379 3355 tnn-

88 3367 155 3413 miter
165 3366 246 3412 denso
255 3363 367 3410 adbiberi.
388 3365 620 3430 Siigiturhyperbols
630 3375 653 3416 A
664 3370 686 3416 G
698 3369 723 3418 Κ
755 3372 833 3433 gentis
852 3371 879 3417 H
893 3371 958 3433 And
971 3373 994 3419 A
1007 3372 1029 3428 l,
1047 3372 1174 3434 hyperbole
1187 3374 1210 3419 A
1224 3373 1248 3420 G
1261 3373 1287 3420 Κ
1303 3371 1379 3433 specie

89 3429 117 3475 sit
126 3431 204 3493 hujus
214 3428 316 3490 generis,
326 3436 350 3474 et
360 3438 472 3488 punctum
484 3429 517 3487 K,
529 3431 569 3478 ubi
580 3447 723 3492 corpuspro-
754 3445 847 3481 tentum
863 3434 962 3492 dubitur,
978 3434 1003 3481 id
1013 3446 1055 3490 est.
1070 3451 1152 3482 omnes
1166 3434 1305 3496 hyperbolic,
1325 3450 1379 3497 quis

85 3493 175 3554 jectum
184 3492 280 3538 incidet
289 3492 314 3537 in
323 3494 522 3553 rectamqusrnvis
534 3501 557 3540 A
570 3496 602 3552 N,
614 3497 724 3544 horizon·
754 3514 784 3544 er
794 3498 832 3544 his
841 3497 933 3546 duobus
947 3497 1006 3546 detis
1021 3497 1186 3557 describentur,
1203 3499 1290 3546 similes
1299 3507 1376 3545 erunt.
1390 3550 1397 3560 Ι

88 3557 159 3603 telem
180 3556 221 3602 vel
238 3555 355 3602 horizonti
372 3556 497 3617 obliquam,
516 3569 681 3618 perpunctum
699 3561 723 3607 A
757 3563 837 3616 Quare
852 3562 871 3607 si
886 3561 913 3607 in
927 3561 1053 3624 hyperboli
1067 3563 1088 3608 A
1104 3563 1127 3610 G
1138 3563 1171 3618 K,
1189 3578 1242 3626 quie
1256 3563 1281 3610 in
1300 3561 1380 3610 cbrrtt

88 3629 263 3674 nnnseuntem,
276 3627 407 3680 querebar:
421 3632 525 3668 occurrat
536 3622 648 3682 products
660 3625 683 3670 A
697 3625 723 3671 N
754 3624 868 3685 descripte
878 3627 1023 3686 supponitur,
1038 3635 1137 3688 tangens
1146 3637 1265 3688 assumpte
1277 3627 1300 3673 A
1310 3626 1337 3672 H
1348 3625 1378 3672 sit

88 3684 230 3744 mymptotis
243 3681 275 3729 M
289 3683 323 3738 X,
336 3683 361 3728 N
375 3683 408 3740 X,
424 3685 449 3730 in
462 3685 491 3731 M
503 3694 527 3730 et
538 3685 571 3741 N,
587 3696 611 3733 et
621 3697 726 3734 sumetur
757 3688 787 3735 nd
797 3689 989 3748 perpendiculum
1007 3689 1066 3746 Al,
1084 3699 1114 3737 ut
1129 3699 1228 3750 tangens
1246 3688 1378 3751 hyperbolis

89 3747 116 3792 N
129 3748 153 3794 Κ
164 3747 214 3807 ipsi
228 3748 254 3792 A
273 3745 302 3792 M
320 3746 421 3808 aequslis,
439 3755 463 3794 st
478 3748 600 3796 habebitur
610 3760 726 3811 punctum
756 3768 827 3813 quern
838 3767 922 3811 corpus
932 3756 975 3802 sub
986 3753 1075 3815 angulo
1085 3753 1168 3816 scqunli
1178 3753 1206 3799 H
1219 3754 1242 3799 A
1254 3753 1278 3798 K
1290 3750 1378 3812 projec-

87 3811 115 3858 Κ
127 3815 182 3871 (per
196 3811 288 3858 Theos.
304 3809 325 3856 l.
339 3809 369 3855 de
379 3810 493 3871 corticis).
716 3827 719 3837 ·
754 3825 806 3862 tum
817 3815 842 3860 in
853 3815 931 3862 medio
945 3816 1063 3863 resistente
1079 3816 1194 3872 describit,
1212 3825 1248 3864 est
1262 3815 1292 3862 sd
1307 3827 1378 3860 suum

119 3875 150 3943 (¹)
163 3879 178 3905 ⁹
192 3877 230 3924 Et
242 3877 298 3921 inde
309 3875 386 3935 collige
395 3875 506 3935 graplried,
518 3875 560 3932 &o
588 3876 652 3926 Dani
661 3877 724 3924 enim
754 3877 946 3938 perpendiculum
958 3881 982 3928 A
992 3880 1021 3937 l;
1032 3879 1158 3940 hyperbole
1165 3881 1188 3926 A
1199 3881 1223 3928 G
1233 3879 1258 3926 Κ
1266 3878 1379 3924 inchnrts

83 3949 203 4002 tangente
217 3940 242 3984 A
257 3937 294 3993 H,
306 3948 357 3982 tum
370 3937 531 3999 magnitudine
541 3949 591 3987 tum
601 3941 721 4000 positione,
753 3941 867 4008 descripp
884 3942 966 3988 similis
983 3943 1028 3989 erit
1043 3942 1174 4005 hyperbolis
1190 3958 1243 4004 quie
1258 3941 1284 3987 in
1298 3939 1377 3985 medio

82 4003 155 4050 datur
165 4001 291 4049 verticalis
301 4000 330 4046 H
342 4001 367 4046 N
377 4016 432 4048 cum
443 4011 529 4062 puncto
542 4004 581 4060 N3
592 4015 616 4051 et
625 4005 722 4066 quises-
753 4005 873 4052 resistente
883 4004 1024 4053 describitur.
1038 4062 1040 4065 .
1060 4009 1093 4054 Et
1103 4006 1185 4053 eodem
1195 4012 1333 4067 mguuiento
1343 4001 1378 4050 al·

81 4069 191 4114 mmitur
202 4065 279 4120 etism
293 4065 314 4110 A
328 4063 351 4120 Ι,
369 4075 392 4111 et
406 4071 440 4112 est
457 4065 484 4112 H
497 4065 522 4112 X
534 4068 722 4132 =2A1(per
753 4069 943 4128 tershy'perbolr,
955 4067 1205 4131 cujusestumplitudo
1216 4071 1239 4115 A
1251 4067 1276 4124 k,
1292 4077 1316 4113 et
1326 4075 1378 4112 tnn-

79 4132 144 4180 dem.
165 4132 235 4190 neg.
253 4128 303 4188 1⁸)
321 4130 464 4186 obn=15
484 4128 577 4177 debitur
592 4131 722 4192 hyperbole
753 4143 812 4194 gens
824 4134 884 4188 Ah,
904 4142 1014 4182 manente
1032 4132 1197 4193 perpendiculo
1213 4132 1237 4179 A
1256 4131 1277 4188 l,
1296 4130 1378 4177 similis

79 4207 198 4243 centrum
217 4193 253 4248 X,
271 4201 295 4237 et
305 4190 360 4238 inde
371 4193 401 4238 ob
412 4191 491 4238 datum
507 4204 621 4253 punctum
634 4195 645 4242 1
658 4195 722 4242 debi-
755 4196 800 4244 erit
819 4196 951 4256 hyperbole
973 4197 1007 4243 illi
1028 4213 1098 4258 quem
1120 4211 1204 4256 corpus
1225 4197 1269 4242 sub
1290 4193 1378 4256 trigulo

78 4271 119 4307 tur
128 4265 293 4319 ssymptotus
304 4253 376 4302 alters
389 4253 414 4300 X
426 4255 440 4302 I
453 4251 482 4303 M
493 4271 548 4304 cum
559 4268 646 4316 puncto
658 4259 686 4306 M
699 4258 723 4304 in
756 4260 865 4322 scquslib
879 4262 903 4306 A
913 4260 937 4315 k,
949 4261 1078 4322 projectum
1086 4259 1111 4305 in
1119 4258 1222 4307 secundo
1232 4259 1377 4319 experimen-

77 4320 230 4372 borizontali
253 4320 284 4366 M
298 4319 323 4364 N
330 4336 337 4375 ;
357 4328 380 4366 et
397 4319 509 4377 capiendo
529 4321 552 4368 N
568 4321 592 4366 K
612 4321 724 4382 [equalem
755 4331 781 4369 to
799 4323 914 4370 describit.
951 4321 1007 4378 Qut
1026 4331 1127 4382 propter,
1145 4323 1176 4370 ob
1200 4322 1330 4386 figurarum
1352 4321 1378 4367 in

75 4389 140 4435 datae
159 4386 196 4433 M
212 4385 247 4439 A,
267 4381 361 4428 debitur
371 4391 484 4441 punctum
498 4382 531 4440 X,
548 4392 572 4430 et
581 4381 635 4432 binc
648 4385 722 4447 longi·
753 4385 834 4434 disrtii
843 4397 868 4433 et
878 4387 901 4432 in
911 4385 988 4434 medio
998 4386 1117 4433 resistente
1131 4385 1298 4446 descriptarum
1313 4385 1378 4431 simi·

75 4453 136 4500 nido
159 4454 188 4498 A
206 4447 235 4494 K
258 4445 408 4493 obtinebitur.
445 4445 582 4510 Eodemque
600 4448 671 4496 modo
686 4451 723 4495 in·
754 4450 885 4506 titudinem,
896 4449 1062 4509 amplitudines
1078 4450 1101 4497 A
1114 4450 1147 4507 Κ,
1168 4450 1219 4498 Ak
1234 4459 1304 4498 erunt
1318 4448 1379 4494 inter

73 4518 192 4563 venietur
206 4509 420 4571 alteralongitudo
433 4512 455 4555 A
466 4510 490 4556 k.
751 4513 780 4560 'ce
791 4523 818 4560 ut
827 4515 959 4574 homologoe
968 4512 1316 4575 amplitudinesbyperbohrum
1325 4525 1378 4574 quei

105 4580 152 4643 (¹¹²)
178 4581 195 4609 ⁵
220 4576 360 4634 Longitudo
376 4576 400 4620 A
413 4576 443 4622 Η
458 4573 515 4622 recti
532 4585 649 4636 assumpta
660 4578 721 4640 snit.
755 4577 780 4622 in
797 4577 959 4636 experimentis
974 4577 1094 4638 descriptis
1108 4589 1171 4636 sunt,
1189 4577 1216 4626 id
1231 4586 1273 4636 eet,
1294 4577 1318 4623 A
1330 4573 1374 4622 Kt

76 4645 141 4693 Dara
161 4639 250 4692 medii
272 4637 724 4688 dmnueinAcumvetoeitrteeor-
757 4639 933 4690 Ak=d2e

1398 4491 1410 4528 i
