3275 5650
98 486 211 551 Lmen
228 480 392 563 Securum]
423 482 663 548 PRINCIPIA
688 481 1060 579 maTHEMATIOA.
1306 485 1380 546 ⁰258

98 668 191 721 aucta
212 654 437 741 nonnunquam
458 654 587 719 dimidio
608 654 718 719 minuti
737 655 830 719 unius
852 654 990 730 secundi,
1010 674 1237 739 nonnunquam
1257 654 1380 717 minuto

98 764 238 831 secundo
260 776 337 829 toto.
384 763 547 828 Cadebant
569 777 672 827 autem
693 764 808 827 rectius
828 764 932 827 vesica
952 761 1091 825 secunda
1103 774 1136 825 et
1149 774 1261 847 quarta
1278 760 1380 845 primi

97 873 182 946 vioe3
197 883 230 934 et
243 871 347 954 prima
360 892 396 934 ac
410 870 502 935 tertia
515 869 650 934 secundi
666 868 743 934 vice.
787 868 901 933 Vesica
922 868 1031 954 quinta
1050 889 1166 954 rugosa
1185 879 1252 931 erat
1273 879 1305 931 et
1324 889 1382 951 per

97 976 192 1067 rugas
216 1002 287 1044 suas
308 978 451 1043 nonnihil
466 979 690 1044 retardabatur.
734 977 914 1043 Diametros
935 976 1106 1039 vesicarum
1126 974 1320 1042 deducebam
1341 998 1382 1040 ex

95 1108 206 1151 earum
239 1085 491 1151 circtmrfereutiis
523 1086 578 1150 iilo
605 1084 787 1149 tenuissimo
814 1084 865 1147 bis
893 1081 1073 1147 circundato
1101 1082 1295 1145 mensuratis.
1339 1082 1382 1146 Et

94 1192 251 1258 theoriam
265 1192 383 1256 contuli
398 1202 469 1256 crim
484 1191 703 1275 experimentis
718 1191 750 1255 in
766 1189 871 1255 tubuli
886 1202 1044 1274 sequente,
1067 1188 1255 1251 assumendo
1277 1187 1380 1252 densi.

96 1314 193 1367 tatem
208 1302 287 1363 ae'ris
303 1322 369 1364 esse
384 1300 425 1364 ad
438 1301 624 1364 densitatem
638 1320 727 1385 aquae
741 1298 884 1383 pluvialis
898 1310 935 1361 ut
952 1307 966 1360 1
985 1298 1025 1361 ad
1040 1303 1113 1374 860,
1130 1308 1162 1361 et
1170 1297 1380 1381 computando

78 1484 81 1495 Ι
96 1406 200 1491 spatia
213 1428 284 1491 quar
297 1406 384 1493 globi
397 1428 455 1490 per
468 1405 621 1471 theoriam
636 1402 675 1489 (Β)
690 1404 866 1467 describere
880 1404 1056 1467 debuerunt
1070 1402 1220 1467 cadendo.
1236 1428 1239 1433 ·

446 1613 592 1693 Tempora
615 1612 722 1675 cadan-
746 1611 855 1691 Spatia
871 1612 974 1673 iisdem
989 1620 1060 1673 tem·
1132 1588 1319 1693 Dffrcirtia

441 1701 474 1761 di
498 1700 536 1761 ab
559 1697 704 1760 altitunis
739 1696 867 1777 poribus
895 1697 1059 1758 describen-
1132 1696 1319 1761 interirem.

438 1788 546 1867 pedum
562 1788 635 1850 sia.
749 1784 789 1844 da
798 1803 859 1863 per
872 1784 1026 1845 theoriam.
1129 1790 1159 1843 et
1174 1802 1274 1861 expet.

289 1887 715 1905 *m

110 1932 172 2001 128
181 1948 265 2009 gron
283 1930 356 1999 538
367 1926 428 2007 dig.
551 1924 610 1986 19‘'

114 2018 175 2074 156
282 2016 356 2082 5‚l9
550 2015 591 2075 17

113 2099 197 2176 tart
282 2103 333 2169 aa
549 2098 609 2175 ras

133 2186 195 2261 ers
282 2186 355 2255 aas
546 2188 587 2243 aa

131 2268 194 2343 eos
281 2274 299 2329 a
545 2269 606 2344 ais

75 2456 77 2461 Ι
138 2475 316 2541 Globorum
337 2475 433 2561 igitur
446 2486 511 2539 tam
524 2476 557 2537 in
572 2478 643 2539 aiire
659 2473 751 2559 quim
766 2474 798 2535 in
813 2472 893 2558 aqud
907 2484 1064 2536 motorum
1086 2474 1259 2540 resistentia
1277 2497 1377 2560 prope

91 2585 193 2647 omnis
208 2608 266 2671 per
280 2585 432 2651 theoriam
447 2596 584 2651 nostram
599 2599 682 2651 recte
696 2584 872 2661 exhibetur,
888 2604 924 2646 ac
938 2582 1084 2645 densitati
1097 2583 1277 2662 fluidorum,
1292 2586 1376 2668 pari·

91 2693 149 2755 bus
164 2694 333 2780 globorum
348 2694 562 2758 velocitatibus
575 2718 611 2758 ac
624 2692 897 2782 magnitudinibus,
912 2690 1152 2775 proportionalis
1167 2701 1222 2755 est

137 2800 177 2869 In
192 2801 322 2880 scholio,
339 2803 423 2888 quod
441 2803 522 2867 Sect.
535 2802 593 2867 VI.
606 2802 802 2889 subjunctum
817 2811 874 2877 est,
891 2798 1081 2864 ostendimus
1091 2819 1149 2883 per
1163 2797 1374 2883 experimenta

89 2909 297 2992 pendulornm
321 2911 406 2997 quod
420 2911 585 2998 globorum
600 2912 766 2999 aequalium
780 2922 812 2975 et
825 2903 1060 2996 aequivelocium
1075 2909 1109 2972 in
1124 2912 1205 2987 aiire,
1228 2908 1319 2995 aqui,
1342 2921 1374 2974 et

88 3031 222 3102 argento
236 3017 306 3080 vivo
321 3030 477 3082 motorum
492 3020 673 3084 resistentiae
688 3029 760 3082 sunt
775 3031 809 3081 ut
823 3017 990 3080 fluidomm
1012 3015 1186 3081 densitates.
1232 3015 1265 3101 (¹)
1282 3016 1372 3080 Idem

88 3122 142 3185 hic
156 3123 349 3187 ostendimus
371 3125 470 3212 magis
492 3126 634 3190 accurate
648 3147 705 3210 per
720 3124 932 3208 experimenta
953 3143 1119 3207 corporum
1141 3122 1318 3186 cadentium
1338 3124 1372 3187 in

88 3232 161 3294 ab're
176 3243 209 3293 et
223 3229 312 3316 aquai.
359 3230 442 3294 Nam
456 3232 592 3316 pendula
606 3232 736 3319 singulis
751 3231 995 3294 oscillationibus
1009 3240 1129 3294 motum
1140 3231 1223 3294 cient
1232 3231 1372 3296 influido

89 3336 191 3398 motui
205 3336 334 3420 penduli
351 3337 509 3402 redeuntis
531 3361 653 3422 semper
675 3338 873 3414 contrarium,
898 3349 930 3399 et
948 3337 1120 3400 resistentia
1139 3338 1180 3400 ab
1200 3337 1262 3402 boc
1282 3351 1371 3403 motu

88 3431 232 3521 oriunda,
257 3455 292 3506 ut
313 3456 345 3508 et
365 3445 538 3509 resistentia
551 3443 597 3508 fili
617 3467 679 3530 quo
699 3443 872 3528 pendulum
894 3442 1150 3526 suspendebatur,
1174 3457 1272 3509 totam
1292 3467 1370 3530 pen-

87 3550 156 3614 duli
170 3553 376 3618 resistentiam
390 3535 538 3639 majorem
557 3555 761 3619 reddiderunt
775 3552 869 3640 quim
882 3555 1055 3618 resistentia
1076 3577 1147 3640 quae
1168 3578 1225 3641 per
1247 3557 1369 3641 experi-

86 3671 194 3722 menta
208 3681 374 3746 corporum
389 3662 564 3728 cadentium
585 3661 710 3748 prodiit.
756 3661 882 3726 Etenim
904 3681 962 3745 per
984 3661 1196 3746 experimenta
1215 3661 1369 3746 pendulo-⁵

108 1654 276 1717 Vesicamm
297 1656 423 1719 Dianae·

112 1756 115 1763 “
250 1785 259 1804 .
332 1745 384 1805 tri.

119 3857 158 3920 (a)
169 3860 182 3889 ο
195 3861 330 3908 nemim
340 3863 469 3912 gemm
479 3865 587 3911 mam„
623 3861 712 3909 Eum.
743 3858 886 3907 velocitatem
898 3858 1024 3906 maximam
1034 3858 1194 3921 acquiritcum
1204 3858 1252 3922 qui
1261 3860 1333 3920 possit
1342 3860 1368 3908 in

87 3921 120 3981 pii
132 3921 203 3968 causi
215 3923 332 3972 edentum
343 3927 483 3974 tentabimus
497 3925 646 3986 experimenti
657 3939 712 3972 eunt
743 3925 795 3970 a‘e're
806 3921 952 3970 descendere.
988 3920 1044 3968 Hic
1055 3923 1173 3970 velocitate
1184 3925 1367 3984 resicatcmpora

86 3987 156 4032 tertia
167 3985 242 4032 vesica
252 3987 313 4034 facti.
350 3989 431 4051 Hujus
441 3990 522 4038 vesica
538 3990 649 4038 diameter
664 3997 713 4036 erat
743 3987 888 4034 mirintorum
904 3985 1059 4032 secundorum
1077 3987 1124 4050 18}
1140 3986 1252 4034 describet
1266 3987 1366 4047 spatium

86 4054 130 4096 5.3
138 4048 484 4112 digitorumetpoudusina'ere
492 4067 616 4117 granorum
626 4057 677 4107 137,
687 4057 709 4102 5.
745 4055 790 4099 277
802 4049 854 4111 ped.
868 4061 891 4097 et
902 4056 924 4096 8.
938 4049 1003 4112 digit.
1021 4050 1117 4098 circiter.
1153 4050 1300 4098 Subducatur
1315 4067 1367 4111 apa-

89 4113 183 4160 Globua
198 4113 257 4160 aiiris
272 4115 385 4166 diametro
396 4117 522 4179 digitorum
534 4124 575 4166 5.8
586 4117 712 4178 descriptus
744 4115 803 4162 tium
816 4120 910 4170 1‚8868
923 4113 994 4160 Facu
1006 4118 1028 4162 5.
1040 4114 1092 4174 ped.
1105 4123 1129 4162 et
1139 4120 1154 4162 8
1164 4115 1239 4177 digit..
1252 4124 1276 4162 ct
1285 4129 1366 4162 mane.

86 4176 192 4226 eontinet
203 4183 233 4224 23
244 4193 317 4240 grana
327 4195 396 4241 quam
412 4181 531 4242 proximu
550 4181 614 4230 unde
632 4179 712 4228 vesicae
743 4181 803 4227 bunt
813 4182 860 4226 sta
871 4177 957 4238 pedem
972 4176 1026 4224 edm
1036 4178 1062 4224 iu
1072 4178 1151 4226 tabula
1165 4178 1305 4228 accumtiore
1319 4180 1366 4226 cal.

84 4239 181 4301 pondua
195 4241 220 4288 in
236 4257 310 4292 vacuo
325 4253 373 4292 arat
388 4261 454 4308 gran.
470 4249 552 4304 160‚5‚
563 4255 587 4294 et
597 4255 624 4293 ut
635 4250 665 4292 23
682 4243 712 4292 ad
743 4241 908 4290 cuioconfecta
916 4240 1015 4301 spatium
1023 4257 1065 4302 par
1072 4242 1182 4289 aeorum
1190 4241 1366 4291 describendum

86 4309 144 4361 160,
155 4309 169 4352 5
179 4305 213 4351 ita
223 4315 277 4352 sunt
288 4317 340 4357 octo
349 4309 505 4370 tertiaepartes
515 4309 620 4358 diametri
631 4308 711 4356 vesicae
743 4305 773 4353 sit
790 4311 836 4354 ata
855 4305 908 4366 ped
921 4315 945 4353 et
961 4309 976 4353 7
991 4305 1068 4370 digit,
1086 4314 1111 4353 et
1124 4307 1150 4353 iu
1164 4306 1321 4367 experimento
1336 4307 1367 4356 sit

83 4399 128 4430 sau
140 4381 210 4446 digiti
223 4370 468 4451 ifijssgsdapatium
482 4387 508 4440 F,
520 4386 583 4450 quod
593 4387 625 4434 ita
635 4386 712 4448 prodit
743 4369 852 4430 2wilei·

84 4447 155 4510 digit
174 4453 212 4504 98,
222 4455 276 4497 626.
312 4450 396 4498 Vesica
412 4449 516 4498 cadendo
532 4453 558 4498 in
573 4465 646 4498 vacuo
661 4459 710 4498 toto
776 4467 808 4530 (ι)
821 4470 835 4499 0
846 4470 911 4516 Idem
921 4470 959 4516 pp,
968 4471 1115 4525 mmmm,
1127 4469 1170 4517 gc,
1204 4469 1267 4518 Nm,
1277 4471 1366 4519 (hemi,

84 4525 129 4559 ⁸⁰⁰
139 4511 243 4571 1101)(11110
256 4517 333 4569 ¹⁶⁰25
344 4529 411 4578 Bm·
422 4523 526 4574 ¹²¹¹¹l³⁰le
540 4514 625 4562 minuti
641 4515 711 4562 ”nim
744 4530 1054 4594 experimentisconfirmata,
1066 4532 1104 4578 cui
1113 4533 1240 4593 superiores
1246 4545 1366 4594 computr-

84 4591 183 4640 mundi
194 4592 301 4641 describit
311 4591 397 4656 digitos
409 4579 627 4656 198i‚etpondera
637 4597 712 4650 137,5
744 4595 818 4641 dones
839 4595 953 4652 nitantur,
974 4597 1084 4656 supponit
1099 4597 1257 4652 resistentiam,
1278 4599 1367 4645 ceteris

83 4673 152 4720 gran.
171 4655 280 4704 describit
296 4657 380 4720 digitos
397 4662 451 4713 165,
461 4663 515 4714 628,
528 4666 551 4704 ct
561 4656 643 4704 eodem
653 4673 712 4718 pon·
743 4659 844 4718 paribus,
856 4659 940 4706 cassin
950 4661 1038 4706 ratione
1048 4662 1174 4721 compositi
1184 4677 1211 4708 cr
1223 4664 1311 4709 ratione
1321 4661 1365 4707 du·

83 4721 140 4768 dere
154 4725 208 4776 137,
217 4727 231 4768 5
243 4735 310 4784 gran.
323 4721 391 4768 edam
409 4721 433 4768 in
449 4735 523 4769 vacuo
538 4721 646 4768 describit
661 4737 713 4780 spa·
743 4721 829 4782 pirate
838 4721 965 4771 velocitatis
974 4723 1066 4772 mobilia
1075 4735 1099 4774 ct
1109 4727 1197 4774 muana
1203 4725 1301 4786 simplici
1307 4724 1365 4774 dcu-

83 4786 144 4833 tium
159 4785 179 4834 F
190 4784 317 4849 digitorum
336 4791 375 4843 19,
385 4791 432 4834 313
448 4796 555 4834 umnam
565 4785 600 4830 (γ’.
612 4789 673 4833 5456
688 4794 713 4832 ct
744 4785 816 4832 sitatis
827 4785 900 4843 fluidi.
