<?xml version="1.0" encoding="UTF-8"?>
<!DOCTYPE html PUBLIC "-//W3C//DTD XHTML 1.0 Transitional//EN"
    "http://www.w3.org/TR/xhtml1/DTD/xhtml1-transitional.dtd">
<html xmlns="http://www.w3.org/1999/xhtml" xml:lang="en" lang="en">
 <head>
  <title>
</title>
<meta http-equiv="Content-Type" content="text/html;charset=utf-8" />
  <meta name='ocr-system' content='tesseract 3.04.00' />
  <meta name='ocr-capabilities' content='ocr_page ocr_carea ocr_par ocr_line ocrx_word'/>
</head>
<body>
  <div class='ocr_page' id='page_1' title='image "./philosophinatur06wriggoog_0245.png"; bbox 0 0 3275 5650; ppageno 0'>
   <div class='ocr_carea' id='block_1_1' title="bbox 572 403 1536 507">
    <p class='ocr_par' dir='ltr' id='par_1_1' title="bbox 572 403 1536 507">
     <span class='ocr_line' id='line_1_1' title="bbox 572 403 1536 507; baseline 0.004 -17"><span class='ocrx_word' id='word_1_1' title='bbox 572 403 913 490; x_wconf 80' lang='lat' dir='ltr'><em>rnnosornu&#39;n</em></span> <span class='ocrx_word' id='word_1_2' title='bbox 935 425 1206 492; x_wconf 74' lang='lat' dir='ltr'><em>uaruaams</em></span> <span class='ocrx_word' id='word_1_3' title='bbox 1251 427 1360 507; x_wconf 65' lang='lat' dir='ltr'><em>[uos.</em></span> <span class='ocrx_word' id='word_1_4' title='bbox 1378 428 1536 504; x_wconf 64' lang='lat' dir='ltr'><em>cassos.</em></span> 
     </span>
    </p>
   </div>
   <div class='ocr_carea' id='block_1_2' title="bbox 812 710 1223 789">
    <p class='ocr_par' dir='ltr' id='par_1_2' title="bbox 812 710 1223 789">
     <span class='ocr_line' id='line_1_2' title="bbox 812 710 1223 789; baseline -0.005 -14"><span class='ocrx_word' id='word_1_5' title='bbox 812 710 987 775; x_wconf 78' lang='lat' dir='ltr'><em>nunna</em></span> <span class='ocrx_word' id='word_1_6' title='bbox 1009 712 1049 774; x_wconf 87' lang='lat' dir='ltr'><em>v.</em></span> <span class='ocrx_word' id='word_1_7' title='bbox 1151 762 1154 770; x_wconf 86' lang='lat'><strong>.</strong></span> <span class='ocrx_word' id='word_1_8' title='bbox 1221 781 1223 789; x_wconf 15' lang='grc' dir='ltr'><em>Α</em></span> 
     </span>
    </p>
   </div>
   <div class='ocr_carea' id='block_1_3' title="bbox 242 884 1530 1187">
    <p class='ocr_par' dir='ltr' id='par_1_3' title="bbox 242 884 1530 1187">
     <span class='ocr_line' id='line_1_3' title="bbox 242 884 1530 986; baseline -0.005 -34"><span class='ocrx_word' id='word_1_9' title='bbox 242 888 279 952; x_wconf 82' lang='lat' dir='ltr'><em>Si</em></span> <span class='ocrx_word' id='word_1_10' title='bbox 295 890 456 972; x_wconf 75' lang='lat' dir='ltr'><em>cylindnes,</em></span> <span class='ocrx_word' id='word_1_11' title='bbox 472 887 590 968; x_wconf 70' lang='lat' dir='ltr'><em>sphera</em></span> <span class='ocrx_word' id='word_1_12' title='bbox 605 895 636 950; x_wconf 88' lang='lat' dir='ltr'><em>et</em></span> <span class='ocrx_word' id='word_1_13' title='bbox 649 885 802 966; x_wconf 73' lang='lat' dir='ltr'><em>opimis,</em></span> <span class='ocrx_word' id='word_1_14' title='bbox 818 904 940 967; x_wconf 82' lang='lat' dir='ltr'><em>qnorum</em></span> <span class='ocrx_word' id='word_1_15' title='bbox 955 885 1129 986; x_wconf 77' lang='lat' dir='ltr'><em>latitudines</em></span> <span class='ocrx_word' id='word_1_16' title='bbox 1142 893 1211 948; x_wconf 87' lang='lat' dir='ltr'><em>sunt</em></span> <span class='ocrx_word' id='word_1_17' title='bbox 1225 884 1362 966; x_wconf 71' lang='lat' dir='ltr'><em>equales,</em></span> <span class='ocrx_word' id='word_1_18' title='bbox 1384 885 1418 946; x_wconf 86' lang='lat' dir='ltr'><em>in</em></span> <span class='ocrx_word' id='word_1_19' title='bbox 1432 887 1530 948; x_wconf 86' lang='lat' dir='ltr'><em>medio</em></span> 
     </span>
     <span class='ocr_line' id='line_1_4' title="bbox 283 990 1526 1080; baseline 0.001 -20"><span class='ocrx_word' id='word_1_20' title='bbox 283 999 399 1061; x_wconf 85' lang='lat' dir='ltr'><em>conniis</em></span> <span class='ocrx_word' id='word_1_21' title='bbox 421 997 581 1080; x_wconf 77' lang='lat' dir='ltr'><em>cylindrici</em></span> <span class='ocrx_word' id='word_1_22' title='bbox 600 997 646 1058; x_wconf 85' lang='lat' dir='ltr'><em>ita</em></span> <span class='ocrx_word' id='word_1_23' title='bbox 665 997 797 1057; x_wconf 74' lang='lat' dir='ltr'><em>locentur</em></span> <span class='ocrx_word' id='word_1_24' title='bbox 817 990 974 1057; x_wconf 67' lang='lat' dir='ltr'><em>successive*</em></span> <span class='ocrx_word' id='word_1_25' title='bbox 992 1003 1026 1055; x_wconf 91' lang='lat' dir='ltr'><em>nt</em></span> <span class='ocrx_word' id='word_1_26' title='bbox 1045 1015 1143 1056; x_wconf 72' lang='lat' dir='ltr'><em>eornm</em></span> <span class='ocrx_word' id='word_1_27' title='bbox 1164 1015 1235 1063; x_wconf 78' lang='lat' dir='ltr'><em>ones</em></span> <span class='ocrx_word' id='word_1_28' title='bbox 1256 1015 1320 1056; x_wconf 85' lang='lat' dir='ltr'><em>cnm</em></span> <span class='ocrx_word' id='word_1_29' title='bbox 1339 1015 1398 1056; x_wconf 85' lang='lat' dir='ltr'><em>one</em></span> <span class='ocrx_word' id='word_1_30' title='bbox 1411 999 1526 1061; x_wconf 84' lang='lat' dir='ltr'><em>conclis</em></span> 
     </span>
     <span class='ocr_line' id='line_1_5' title="bbox 282 1103 1479 1187; baseline 0 -19"><span class='ocrx_word' id='word_1_31' title='bbox 282 1104 454 1168; x_wconf 75' lang='lat' dir='ltr'><em>coincidunt</em></span> <span class='ocrx_word' id='word_1_32' title='bbox 466 1131 477 1164; x_wconf 83' lang='lat'><em>.-</em></span> <span class='ocrx_word' id='word_1_33' title='bbox 490 1103 554 1165; x_wconf 80' lang='lat' dir='ltr'><em>lucc</em></span> <span class='ocrx_word' id='word_1_34' title='bbox 563 1103 815 1187; x_wconf 74' lang='lat' dir='ltr'><em>conporoflncnm</em></span> <span class='ocrx_word' id='word_1_35' title='bbox 825 1123 911 1185; x_wconf 86' lang='lat' dir='ltr'><em>cqnce</em></span> <span class='ocrx_word' id='word_1_36' title='bbox 919 1123 979 1184; x_wconf 86' lang='lat' dir='ltr'><em>per</em></span> <span class='ocrx_word' id='word_1_37' title='bbox 993 1104 1125 1164; x_wconf 85' lang='lat' dir='ltr'><em>canalem</em></span> <span class='ocrx_word' id='word_1_38' title='bbox 1140 1103 1298 1184; x_wconf 72' lang='lat' dir='ltr'><em>eeqrmiiter</em></span> <span class='ocrx_word' id='word_1_39' title='bbox 1311 1103 1479 1184; x_wconf 83' lang='lat' dir='ltr'><em>impedient.</em></span> 
     </span>
    </p>
   </div>
   <div class='ocr_carea' id='block_1_4' title="bbox 202 1290 1524 1918">
    <p class='ocr_par' dir='ltr' id='par_1_4' title="bbox 202 1290 1524 1918">
     <span class='ocr_line' id='line_1_6' title="bbox 283 1290 1524 1381; baseline 0.002 -23"><span class='ocrx_word' id='word_1_40' title='bbox 283 1295 321 1381; x_wconf 76' lang='lat'><em>(¹)</em></span> <span class='ocrx_word' id='word_1_41' title='bbox 338 1296 422 1359; x_wconf 89' lang='lat' dir='ltr'><em>Nam</em></span> <span class='ocrx_word' id='word_1_42' title='bbox 442 1295 541 1379; x_wconf 87' lang='lat' dir='ltr'><em>spatia</em></span> <span class='ocrx_word' id='word_1_43' title='bbox 561 1295 643 1358; x_wconf 88' lang='lat' dir='ltr'><em>inter</em></span> <span class='ocrx_word' id='word_1_44' title='bbox 665 1294 805 1358; x_wconf 80' lang='lat' dir='ltr'><strong>canalem</strong></span> <span class='ocrx_word' id='word_1_45' title='bbox 819 1305 851 1358; x_wconf 92' lang='lat' dir='ltr'><em>et</em></span> <span class='ocrx_word' id='word_1_46' title='bbox 865 1293 1050 1381; x_wconf 86' lang='lat' dir='ltr'><em>cylindrum,</em></span> <span class='ocrx_word' id='word_1_47' title='bbox 1074 1293 1239 1377; x_wconf 67' lang='lat' dir='ltr'><em>spheram,</em></span> <span class='ocrx_word' id='word_1_48' title='bbox 1262 1304 1294 1356; x_wconf 92' lang='lat' dir='ltr'><em>et</em></span> <span class='ocrx_word' id='word_1_49' title='bbox 1316 1290 1524 1378; x_wconf 84' lang='lat' dir='ltr'><em>sphaeroidam</em></span> 
     </span>
     <span class='ocr_line' id='line_1_7' title="bbox 237 1403 1524 1491; baseline 0.002 -24"><span class='ocrx_word' id='word_1_50' title='bbox 237 1425 295 1489; x_wconf 89' lang='lat' dir='ltr'><em>per</em></span> <span class='ocrx_word' id='word_1_51' title='bbox 309 1426 380 1490; x_wconf 87' lang='lat' dir='ltr'><em>quae</em></span> <span class='ocrx_word' id='word_1_52' title='bbox 394 1427 475 1491; x_wconf 90' lang='lat' dir='ltr'><em>aqua</em></span> <span class='ocrx_word' id='word_1_53' title='bbox 489 1403 608 1481; x_wconf 81' lang='lat' dir='ltr'><em>transit,</em></span> <span class='ocrx_word' id='word_1_54' title='bbox 631 1416 704 1468; x_wconf 88' lang='lat' dir='ltr'><em>sunt</em></span> <span class='ocrx_word' id='word_1_55' title='bbox 718 1404 866 1490; x_wconf 88' lang='lat' dir='ltr'><em>aequalia:</em></span> <span class='ocrx_word' id='word_1_56' title='bbox 890 1415 922 1468; x_wconf 90' lang='lat' dir='ltr'><em>et</em></span> <span class='ocrx_word' id='word_1_57' title='bbox 936 1425 1016 1489; x_wconf 90' lang='lat' dir='ltr'><em>aqua</em></span> <span class='ocrx_word' id='word_1_58' title='bbox 1030 1423 1087 1486; x_wconf 91' lang='lat' dir='ltr'><em>per</em></span> <span class='ocrx_word' id='word_1_59' title='bbox 1101 1404 1232 1491; x_wconf 86' lang='lat' dir='ltr'><em>aequalia</em></span> <span class='ocrx_word' id='word_1_60' title='bbox 1246 1404 1344 1486; x_wconf 90' lang='lat' dir='ltr'><em>spatia</em></span> <span class='ocrx_word' id='word_1_61' title='bbox 1359 1406 1524 1489; x_wconf 79' lang='lat' dir='ltr'><em>aequaliter</em></span> 
     </span>
     <span class='ocr_line' id='line_1_8' title="bbox 237 1525 1522 1701; baseline -0.002 -19"><span class='ocrx_word' id='word_1_62' title='bbox 237 1525 371 1682; x_wconf 63' lang='lat' dir='ltr'><em>transHiiic</em></span> <span class='ocrx_word' id='word_1_63' title='bbox 386 1617 430 1682; x_wconf 89' lang='lat' dir='ltr'><em>ita</em></span> <span class='ocrx_word' id='word_1_64' title='bbox 444 1639 477 1682; x_wconf 89' lang='lat' dir='ltr'><em>se</em></span> <span class='ocrx_word' id='word_1_65' title='bbox 490 1616 608 1680; x_wconf 90' lang='lat' dir='ltr'><em>habent</em></span> <span class='ocrx_word' id='word_1_66' title='bbox 629 1639 671 1679; x_wconf 87' lang='lat' dir='ltr'><em>ex</em></span> <span class='ocrx_word' id='word_1_67' title='bbox 690 1613 868 1701; x_wconf 85' lang='lat' dir='ltr'><strong>hypothesi,</strong></span> <span class='ocrx_word' id='word_1_68' title='bbox 895 1614 980 1700; x_wconf 72' lang='lat' dir='ltr'><em>quiid</em></span> <span class='ocrx_word' id='word_1_69' title='bbox 1005 1637 1085 1700; x_wconf 87' lang='lat' dir='ltr'><em>aqua</em></span> <span class='ocrx_word' id='word_1_70' title='bbox 1106 1613 1206 1677; x_wconf 90' lang='lat' dir='ltr'><em>omnis</em></span> <span class='ocrx_word' id='word_1_71' title='bbox 1229 1636 1323 1697; x_wconf 86' lang='lat' dir='ltr'><em>supra</em></span> <span class='ocrx_word' id='word_1_72' title='bbox 1348 1615 1522 1700; x_wconf 83' lang='lat' dir='ltr'>cylindrum</span> 
     </span>
     <span class='ocr_line' id='line_1_9' title="bbox 237 1722 1520 1822; baseline 0.001 -34"><span class='ocrx_word' id='word_1_73' title='bbox 237 1725 390 1822; x_wconf 75' lang='lat' dir='ltr'><em>sphaeram</em></span> <span class='ocrx_word' id='word_1_74' title='bbox 405 1725 454 1788; x_wconf 88' lang='lat' dir='ltr'><em>vel</em></span> <span class='ocrx_word' id='word_1_75' title='bbox 469 1723 677 1808; x_wconf 83' lang='lat' dir='ltr'><em>sphaeroidem</em></span> <span class='ocrx_word' id='word_1_76' title='bbox 691 1723 883 1811; x_wconf 76' lang='lat' dir='ltr'><strong>congelatur,</strong></span> <span class='ocrx_word' id='word_1_77' title='bbox 907 1725 993 1810; x_wconf 88' lang='lat' dir='ltr'><em>cujus</em></span> <span class='ocrx_word' id='word_1_78' title='bbox 1006 1722 1141 1787; x_wconf 87' lang='lat' dir='ltr'><em>fluiditas</em></span> <span class='ocrx_word' id='word_1_79' title='bbox 1156 1723 1195 1785; x_wconf 92' lang='lat' dir='ltr'><em>ad</em></span> <span class='ocrx_word' id='word_1_80' title='bbox 1210 1723 1407 1786; x_wconf 85' lang='lat' dir='ltr'><em>celerrimum</em></span> <span class='ocrx_word' id='word_1_81' title='bbox 1429 1747 1520 1810; x_wconf 85' lang='lat' dir='ltr'><em>aquae</em></span> 
     </span>
     <span class='ocr_line' id='line_1_10' title="bbox 202 1827 1399 1918; baseline -0.003 -23"><span class='ocrx_word' id='word_1_82' title='bbox 202 1902 209 1917; x_wconf 75' lang='lat'><strong>.</strong></span> <span class='ocrx_word' id='word_1_83' title='bbox 235 1833 398 1898; x_wconf 76' lang='lat' dir='ltr'><strong>transitum</strong></span> <span class='ocrx_word' id='word_1_84' title='bbox 412 1842 476 1896; x_wconf 89' lang='lat' dir='ltr'><em>non&#39;</em></span> <span class='ocrx_word' id='word_1_85' title='bbox 491 1831 668 1918; x_wconf 85' lang='lat' dir='ltr'><em>requiritur,</em></span> <span class='ocrx_word' id='word_1_86' title='bbox 685 1831 767 1894; x_wconf 88' lang='lat' dir='ltr'><em>utin</em></span> <span class='ocrx_word' id='word_1_87' title='bbox 784 1829 891 1895; x_wconf 85' lang='lat' dir='ltr'><em>Corol.</em></span> <span class='ocrx_word' id='word_1_88' title='bbox 909 1836 938 1898; x_wconf 86' lang='lat'><em>7.</em></span> <span class='ocrx_word' id='word_1_89' title='bbox 956 1830 1052 1914; x_wconf 88' lang='lat' dir='ltr'><em>Prop.</em></span> <span class='ocrx_word' id='word_1_90' title='bbox 1070 1829 1237 1892; x_wconf 90' lang='lat' dir='ltr'><strong>XXXVI.</strong></span> <span class='ocrx_word' id='word_1_91' title='bbox 1253 1827 1399 1912; x_wconf 86' lang='lat' dir='ltr'><em>explicui.</em></span> 
     </span>
    </p>
   </div>
   <div class='ocr_carea' id='block_1_5' title="bbox 752 2079 1008 2146">
    <p class='ocr_par' dir='ltr' id='par_1_5' title="bbox 752 2079 1008 2146">
     <span class='ocr_line' id='line_1_11' title="bbox 752 2079 1008 2146; baseline -0.004 0"><span class='ocrx_word' id='word_1_92' title='bbox 752 2079 928 2146; x_wconf 84' lang='lat' dir='ltr'>LEMMA</span> <span class='ocrx_word' id='word_1_93' title='bbox 950 2081 1008 2146; x_wconf 90' lang='lat' dir='ltr'><em>Vl.</em></span> 
     </span>
    </p>
   </div>
   <div class='ocr_carea' id='block_1_6' title="bbox 233 2250 1512 2444">
    <p class='ocr_par' dir='ltr' id='par_1_6' title="bbox 233 2250 1512 2444">
     <span class='ocr_line' id='line_1_12' title="bbox 233 2250 1512 2338; baseline -0.004 -17"><span class='ocrx_word' id='word_1_94' title='bbox 233 2256 344 2321; x_wconf 74' lang='lat' dir='ltr'><em>Esden</em></span> <span class='ocrx_word' id='word_1_95' title='bbox 356 2254 477 2336; x_wconf 82' lang='lat' dir='ltr'><em>positis,</em></span> <span class='ocrx_word' id='word_1_96' title='bbox 499 2273 626 2334; x_wconf 76' lang='lat' dir='ltr'><em>corpora</em></span> <span class='ocrx_word' id='word_1_97' title='bbox 638 2253 790 2337; x_wconf 75' lang='lat' dir='ltr'><em>praedino</em></span> <span class='ocrx_word' id='word_1_98' title='bbox 810 2253 969 2338; x_wconf 72' lang='lat' dir='ltr'><em>equaliter</em></span> <span class='ocrx_word' id='word_1_99' title='bbox 990 2261 1134 2336; x_wconf 80' lang='lat' dir='ltr'><em>urgentur</em></span> <span class='ocrx_word' id='word_1_100' title='bbox 1154 2252 1193 2316; x_wconf 86' lang='lat' dir='ltr'><em>ab</em></span> <span class='ocrx_word' id='word_1_101' title='bbox 1214 2250 1293 2336; x_wconf 66' lang='lat' dir='ltr'><em>aquei</em></span> <span class='ocrx_word' id='word_1_102' title='bbox 1307 2274 1367 2336; x_wconf 84' lang='lat' dir='ltr'><em>per</em></span> <span class='ocrx_word' id='word_1_103' title='bbox 1382 2255 1512 2318; x_wconf 83' lang='lat' dir='ltr'><em>conulem</em></span> 
     </span>
     <span class='ocr_line' id='line_1_13' title="bbox 805 2359 1044 2444; baseline 0 -24"><span class='ocrx_word' id='word_1_104' title='bbox 805 2359 936 2444; x_wconf 80' lang='lat' dir='ltr'><em>fluente.</em></span> <span class='ocrx_word' id='word_1_105' title='bbox 1041 2401 1044 2406; x_wconf 92' lang='lat'>-</span> 
     </span>
    </p>
   </div>
   <div class='ocr_carea' id='block_1_7' title="bbox 232 2476 1515 2979">
    <p class='ocr_par' dir='ltr' id='par_1_7' title="bbox 232 2476 1515 2979">
     <span class='ocr_line' id='line_1_14' title="bbox 277 2476 1515 2615; baseline 0.001 -24"><span class='ocrx_word' id='word_1_106' title='bbox 277 2476 369 2592; x_wconf 82' lang='lat' dir='ltr'><em>Patet</em></span> <span class='ocrx_word' id='word_1_107' title='bbox 381 2548 439 2610; x_wconf 87' lang='lat' dir='ltr'><em>per</em></span> <span class='ocrx_word' id='word_1_108' title='bbox 454 2526 586 2590; x_wconf 89' lang='lat' dir='ltr'><em>Lemma</em></span> <span class='ocrx_word' id='word_1_109' title='bbox 600 2527 640 2589; x_wconf 88' lang='lat' dir='ltr'><em>V.</em></span> <span class='ocrx_word' id='word_1_110' title='bbox 654 2537 688 2590; x_wconf 89' lang='lat' dir='ltr'><em>et</em></span> <span class='ocrx_word' id='word_1_111' title='bbox 699 2537 802 2592; x_wconf 90' lang='lat' dir='ltr'><em>motus</em></span> <span class='ocrx_word' id='word_1_112' title='bbox 816 2527 919 2615; x_wconf 85' lang='lat' dir='ltr'><em>legem</em></span> <span class='ocrx_word' id='word_1_113' title='bbox 934 2526 1066 2590; x_wconf 81' lang='lat' dir='ltr'><em>tertiam.</em></span> <span class='ocrx_word' id='word_1_114' title='bbox 1111 2526 1204 2612; x_wconf 90' lang='lat' dir='ltr'><em>Aqua</em></span> <span class='ocrx_word' id='word_1_115' title='bbox 1217 2525 1323 2610; x_wconf 89' lang='lat' dir='ltr'><em>utique</em></span> <span class='ocrx_word' id='word_1_116' title='bbox 1338 2538 1370 2591; x_wconf 88' lang='lat' dir='ltr'><em>ot</em></span> <span class='ocrx_word' id='word_1_117' title='bbox 1384 2547 1515 2612; x_wconf 88' lang='lat' dir='ltr'><em>corpora</em></span> 
     </span>
     <span class='ocr_line' id='line_1_15' title="bbox 232 2634 732 2724; baseline 0.004 -26"><span class='ocrx_word' id='word_1_118' title='bbox 232 2635 267 2698; x_wconf 90' lang='lat' dir='ltr'><em>in</em></span> <span class='ocrx_word' id='word_1_119' title='bbox 282 2658 315 2699; x_wconf 89' lang='lat' dir='ltr'><em>se</em></span> <span class='ocrx_word' id='word_1_120' title='bbox 329 2646 439 2699; x_wconf 90' lang='lat' dir='ltr'><em>mutuo</em></span> <span class='ocrx_word' id='word_1_121' title='bbox 454 2634 614 2720; x_wconf 86' lang='lat' dir='ltr'><em>aequaliter</em></span> <span class='ocrx_word' id='word_1_122' title='bbox 628 2647 732 2724; x_wconf 83' lang='lat' dir='ltr'><em>agunt.</em></span> 
     </span>
     <span class='ocr_line' id='line_1_16' title="bbox 703 2842 1012 2979; baseline -0.003 -21"><span class='ocrx_word' id='word_1_123' title='bbox 703 2842 707 2849; x_wconf 37' lang='lat'>¹</span> <span class='ocrx_word' id='word_1_124' title='bbox 735 2892 908 2979; x_wconf 73' lang='lat' dir='ltr'><em>annun</em></span> <span class='ocrx_word' id='word_1_125' title='bbox 930 2851 1012 2957; x_wconf 72' lang='lat' dir='ltr'><em>vu.</em></span> 
     </span>
    </p>
   </div>
   <div class='ocr_carea' id='block_1_8' title="bbox 229 3061 1514 3255">
    <p class='ocr_par' dir='ltr' id='par_1_8' title="bbox 229 3061 1514 3255">
     <span class='ocr_line' id='line_1_17' title="bbox 229 3061 1514 3146; baseline -0.006 -18"><span class='ocrx_word' id='word_1_126' title='bbox 229 3063 266 3128; x_wconf 82' lang='lat' dir='ltr'><em>Si</em></span> <span class='ocrx_word' id='word_1_127' title='bbox 279 3084 362 3146; x_wconf 84' lang='lat' dir='ltr'><em>cqnn</em></span> <span class='ocrx_word' id='word_1_128' title='bbox 375 3065 506 3146; x_wconf 81' lang='lat' dir='ltr'><em>quiescat</em></span> <span class='ocrx_word' id='word_1_129' title='bbox 519 3066 553 3126; x_wconf 83' lang='lat' dir='ltr'><em>in</em></span> <span class='ocrx_word' id='word_1_130' title='bbox 568 3066 680 3139; x_wconf 81' lang='lat' dir='ltr'><em>concii,</em></span> <span class='ocrx_word' id='word_1_131' title='bbox 702 3072 731 3126; x_wconf 84' lang='lat' dir='ltr'><em>et</em></span> <span class='ocrx_word' id='word_1_132' title='bbox 744 3065 807 3126; x_wconf 75' lang='lat' dir='ltr'><em>isco</em></span> <span class='ocrx_word' id='word_1_133' title='bbox 819 3084 945 3145; x_wconf 72' lang='lat' dir='ltr'><em>corpora</em></span> <span class='ocrx_word' id='word_1_134' title='bbox 962 3062 995 3125; x_wconf 83' lang='lat' dir='ltr'><em>in</em></span> <span class='ocrx_word' id='word_1_135' title='bbox 1009 3070 1117 3144; x_wconf 82' lang='lat' dir='ltr'><em>partes</em></span> <span class='ocrx_word' id='word_1_136' title='bbox 1132 3063 1302 3125; x_wconf 83' lang='lat' dir='ltr'><em>contrarias</em></span> <span class='ocrx_word' id='word_1_137' title='bbox 1316 3061 1430 3145; x_wconf 82' lang='lat' dir='ltr'><em>aeqnoli</em></span> <span class='ocrx_word' id='word_1_138' title='bbox 1440 3062 1514 3125; x_wconf 84' lang='lat' dir='ltr'><em>uelo·</em></span> 
     </span>
     <span class='ocr_line' id='line_1_18' title="bbox 282 3169 1461 3255; baseline -0.004 -21"><span class='ocrx_word' id='word_1_139' title='bbox 282 3174 376 3234; x_wconf 85' lang='lat' dir='ltr'><em>eitate</em></span> <span class='ocrx_word' id='word_1_140' title='bbox 383 3194 443 3253; x_wconf 87' lang='lat' dir='ltr'><em>per</em></span> <span class='ocrx_word' id='word_1_141' title='bbox 456 3172 762 3255; x_wconf 80' lang='lat' dir='ltr'><em>connlemferontnr:</em></span> <span class='ocrx_word' id='word_1_142' title='bbox 784 3173 913 3253; x_wconf 64' lang='lat' dir='ltr'><em>temutes</em></span> <span class='ocrx_word' id='word_1_143' title='bbox 928 3180 1015 3233; x_wconf 79' lang='lat' dir='ltr'><em>nunt</em></span> <span class='ocrx_word' id='word_1_144' title='bbox 1026 3192 1125 3231; x_wconf 87' lang='lat' dir='ltr'><em>eornm</em></span> <span class='ocrx_word' id='word_1_145' title='bbox 1139 3170 1317 3233; x_wconf 68' lang='lat' dir='ltr'><em>resistentie</em></span> <span class='ocrx_word' id='word_1_146' title='bbox 1329 3169 1410 3231; x_wconf 85' lang='lat' dir='ltr'><em>inter</em></span> <span class='ocrx_word' id='word_1_147' title='bbox 1423 3190 1461 3231; x_wconf 88' lang='lat' dir='ltr'><em>se.</em></span> 
     </span>
    </p>
   </div>
   <div class='ocr_carea' id='block_1_9' title="bbox 273 3333 1512 3421">
    <p class='ocr_par' dir='ltr' id='par_1_9' title="bbox 273 3333 1512 3421">
     <span class='ocr_line' id='line_1_19' title="bbox 273 3333 1512 3421; baseline -0.003 -22"><span class='ocrx_word' id='word_1_148' title='bbox 273 3334 405 3402; x_wconf 78' lang='lat' dir='ltr'><em>Constat</em></span> <span class='ocrx_word' id='word_1_149' title='bbox 429 3357 470 3401; x_wconf 86' lang='lat' dir='ltr'><em>ex</em></span> <span class='ocrx_word' id='word_1_150' title='bbox 495 3336 657 3401; x_wconf 84' lang='lat' dir='ltr'><em>Lemmata</em></span> <span class='ocrx_word' id='word_1_151' title='bbox 681 3334 849 3421; x_wconf 86' lang='lat' dir='ltr'><em>superiore,</em></span> <span class='ocrx_word' id='word_1_152' title='bbox 879 3356 952 3400; x_wconf 85' lang='lat' dir='ltr'><em>nam</em></span> <span class='ocrx_word' id='word_1_153' title='bbox 977 3345 1080 3399; x_wconf 89' lang='lat' dir='ltr'><em>motus</em></span> <span class='ocrx_word' id='word_1_154' title='bbox 1104 3333 1225 3399; x_wconf 86' lang='lat' dir='ltr'><em>relativi</em></span> <span class='ocrx_word' id='word_1_155' title='bbox 1255 3333 1350 3395; x_wconf 91' lang='lat' dir='ltr'><em>iidem</em></span> <span class='ocrx_word' id='word_1_156' title='bbox 1380 3333 1461 3396; x_wconf 88' lang='lat' dir='ltr'><em>inter</em></span> <span class='ocrx_word' id='word_1_157' title='bbox 1480 3354 1512 3395; x_wconf 89' lang='lat' dir='ltr'><em>se</em></span> 
     </span>
    </p>
   </div>
   <div class='ocr_carea' id='block_1_10' title="bbox 54 3452 364 3505">
    <p class='ocr_par' dir='ltr' id='par_1_10' title="bbox 54 3452 364 3505">
     <span class='ocr_line' id='line_1_20' title="bbox 54 3452 364 3505; baseline 0 0"><span class='ocrx_word' id='word_1_158' title='bbox 54 3470 59 3478; x_wconf 90' lang='lat'><strong>·</strong></span> <span class='ocrx_word' id='word_1_159' title='bbox 99 3482 105 3497; x_wconf 42' lang='grc' dir='ltr'><strong>κ</strong></span> <span class='ocrx_word' id='word_1_160' title='bbox 228 3452 364 3505; x_wconf 73' lang='lat' dir='ltr'><em>manent.</em></span> 
     </span>
    </p>
   </div>
   <div class='ocr_carea' id='block_1_11' title="bbox 790 3664 947 3728">
    <p class='ocr_par' dir='ltr' id='par_1_11' title="bbox 790 3664 947 3728">
     <span class='ocr_line' id='line_1_21' title="bbox 790 3664 947 3728; baseline -0.013 0"><span class='ocrx_word' id='word_1_161' title='bbox 790 3664 947 3728; x_wconf 78' lang='lat' dir='ltr'><em>Scholion.</em></span> 
     </span>
    </p>
   </div>
   <div class='ocr_carea' id='block_1_12' title="bbox 221 3829 1513 4569">
    <p class='ocr_par' dir='ltr' id='par_1_12' title="bbox 221 3829 1513 4569">
     <span class='ocr_line' id='line_1_22' title="bbox 269 3829 1512 3921; baseline 0.002 -24"><span class='ocrx_word' id='word_1_162' title='bbox 269 3832 392 3897; x_wconf 86' lang='lat' dir='ltr'><em>Eadem</em></span> <span class='ocrx_word' id='word_1_163' title='bbox 405 3843 452 3897; x_wconf 88' lang='lat' dir='ltr'><em>est</em></span> <span class='ocrx_word' id='word_1_164' title='bbox 464 3829 546 3897; x_wconf 87' lang='lat' dir='ltr'><em>ratio</em></span> <span class='ocrx_word' id='word_1_165' title='bbox 555 3854 723 3919; x_wconf 89' lang='lat' dir='ltr'><em>corporum</em></span> <span class='ocrx_word' id='word_1_166' title='bbox 733 3835 874 3900; x_wconf 91' lang='lat' dir='ltr'><em>omnium</em></span> <span class='ocrx_word' id='word_1_167' title='bbox 883 3858 1094 3901; x_wconf 76' lang='lat' dir='ltr'><em>connexorum</em></span> <span class='ocrx_word' id='word_1_168' title='bbox 1102 3847 1134 3901; x_wconf 84' lang='lat' dir='ltr'><em>ot</em></span> <span class='ocrx_word' id='word_1_169' title='bbox 1144 3838 1362 3914; x_wconf 86' lang='lat' dir='ltr'><em>rotundorum,</em></span> <span class='ocrx_word' id='word_1_170' title='bbox 1378 3856 1512 3921; x_wconf 87' lang='lat' dir='ltr'><em>quorum</em></span> 
     </span>
     <span class='ocr_line' id='line_1_23' title="bbox 225 3942 1513 4032; baseline 0.001 -26"><span class='ocrx_word' id='word_1_171' title='bbox 225 3964 301 4007; x_wconf 86' lang='lat' dir='ltr'><em>axes</em></span> <span class='ocrx_word' id='word_1_172' title='bbox 317 3965 389 4007; x_wconf 92' lang='lat' dir='ltr'><em>cum</em></span> <span class='ocrx_word' id='word_1_173' title='bbox 403 3964 462 4005; x_wconf 85' lang='lat' dir='ltr'><em>axe</em></span> <span class='ocrx_word' id='word_1_174' title='bbox 476 3942 592 4007; x_wconf 76' lang='lat' dir='ltr'><em>canalis</em></span> <span class='ocrx_word' id='word_1_175' title='bbox 608 3944 797 4009; x_wconf 80' lang='lat' dir='ltr'><em>coincidunt.</em></span> <span class='ocrx_word' id='word_1_176' title='bbox 830 3946 1016 4011; x_wconf 86' lang='lat' dir='ltr'><em>Differentia</em></span> <span class='ocrx_word' id='word_1_177' title='bbox 1030 3943 1134 4032; x_wconf 87' lang='lat' dir='ltr'><em>aliqua</em></span> <span class='ocrx_word' id='word_1_178' title='bbox 1148 3968 1188 4011; x_wconf 82' lang='lat' dir='ltr'><em>ex</em></span> <span class='ocrx_word' id='word_1_179' title='bbox 1202 3948 1319 4032; x_wconf 87' lang='lat' dir='ltr'><em>majore</em></span> <span class='ocrx_word' id='word_1_180' title='bbox 1328 3946 1378 4009; x_wconf 93' lang='lat' dir='ltr'><em>vel</em></span> <span class='ocrx_word' id='word_1_181' title='bbox 1392 3947 1513 4008; x_wconf 91' lang='lat' dir='ltr'><em>minore</em></span> 
     </span>
     <span class='ocr_line' id='line_1_24' title="bbox 224 4036 1513 4142; baseline 0.004 -28"><span class='ocrx_word' id='word_1_182' title='bbox 224 4052 369 4117; x_wconf 80' lang='lat' dir='ltr'><em>ffictione</em></span> <span class='ocrx_word' id='word_1_183' title='bbox 390 4052 466 4115; x_wconf 90' lang='lat' dir='ltr'><em>oriri</em></span> <span class='ocrx_word' id='word_1_184' title='bbox 485 4064 605 4136; x_wconf 85' lang='lat' dir='ltr'><em>potest3</em></span> <span class='ocrx_word' id='word_1_185' title='bbox 632 4055 688 4119; x_wconf 88' lang='lat' dir='ltr'><em>sed</em></span> <span class='ocrx_word' id='word_1_186' title='bbox 701 4056 734 4118; x_wconf 91' lang='lat' dir='ltr'><em>in</em></span> <span class='ocrx_word' id='word_1_187' title='bbox 747 4055 797 4120; x_wconf 88' lang='lat' dir='ltr'><em>his</em></span> <span class='ocrx_word' id='word_1_188' title='bbox 813 4056 984 4120; x_wconf 88' lang='lat' dir='ltr'><em>Lemmatis</em></span> <span class='ocrx_word' id='word_1_189' title='bbox 999 4078 1132 4141; x_wconf 89' lang='lat' dir='ltr'><em>corpora</em></span> <span class='ocrx_word' id='word_1_190' title='bbox 1153 4080 1220 4121; x_wconf 90' lang='lat' dir='ltr'><em>esse</em></span> <span class='ocrx_word' id='word_1_191' title='bbox 1241 4058 1427 4142; x_wconf 83' lang='lat' dir='ltr'><em>politissima</em></span> <span class='ocrx_word' id='word_1_192' title='bbox 1443 4036 1513 4139; x_wconf 87' lang='lat' dir='ltr'><em>sup-</em></span> 
     </span>
     <span class='ocr_line' id='line_1_25' title="bbox 225 4143 1511 4249; baseline 0.005 -30"><span class='ocrx_word' id='word_1_193' title='bbox 225 4158 381 4239; x_wconf 83' lang='lat' dir='ltr'><em>ponimus,</em></span> <span class='ocrx_word' id='word_1_194' title='bbox 405 4169 437 4222; x_wconf 90' lang='lat' dir='ltr'><em>et</em></span> <span class='ocrx_word' id='word_1_195' title='bbox 457 4143 552 4223; x_wconf 85' lang='lat' dir='ltr'><em>medii</em></span> <span class='ocrx_word' id='word_1_196' title='bbox 575 4161 772 4224; x_wconf 76' lang='lat' dir='ltr'><em>tenacitatem</em></span> <span class='ocrx_word' id='word_1_197' title='bbox 786 4173 817 4225; x_wconf 90' lang='lat' dir='ltr'><em>et</em></span> <span class='ocrx_word' id='word_1_198' title='bbox 831 4161 1005 4227; x_wconf 85' lang='lat' dir='ltr'><em>frictionem</em></span> <span class='ocrx_word' id='word_1_199' title='bbox 1022 4186 1089 4227; x_wconf 84' lang='lat' dir='ltr'><em>asse</em></span> <span class='ocrx_word' id='word_1_200' title='bbox 1111 4162 1238 4241; x_wconf 87' lang='lat' dir='ltr'><em>nullam,</em></span> <span class='ocrx_word' id='word_1_201' title='bbox 1263 4176 1294 4227; x_wconf 86' lang='lat' dir='ltr'><em>et</em></span> <span class='ocrx_word' id='word_1_202' title='bbox 1310 4162 1396 4249; x_wconf 91' lang='lat' dir='ltr'><em>quod</em></span> <span class='ocrx_word' id='word_1_203' title='bbox 1410 4174 1511 4247; x_wconf 86' lang='lat' dir='ltr'><em>partes</em></span> 
     </span>
     <span class='ocr_line' id='line_1_26' title="bbox 223 4262 1511 4355; baseline 0.004 -30"><span class='ocrx_word' id='word_1_204' title='bbox 223 4262 321 4338; x_wconf 90' lang='lat' dir='ltr'><em>fluidi,</em></span> <span class='ocrx_word' id='word_1_205' title='bbox 345 4286 416 4349; x_wconf 90' lang='lat' dir='ltr'><em>quae</em></span> <span class='ocrx_word' id='word_1_206' title='bbox 436 4265 571 4329; x_wconf 89' lang='lat' dir='ltr'><em>motibus</em></span> <span class='ocrx_word' id='word_1_207' title='bbox 587 4266 650 4329; x_wconf 90' lang='lat' dir='ltr'><em>suis</em></span> <span class='ocrx_word' id='word_1_208' title='bbox 665 4267 799 4353; x_wconf 91' lang='lat' dir='ltr'><em>obliquis</em></span> <span class='ocrx_word' id='word_1_209' title='bbox 813 4279 845 4333; x_wconf 94' lang='lat' dir='ltr'><em>et</em></span> <span class='ocrx_word' id='word_1_210' title='bbox 860 4270 1023 4352; x_wconf 87' lang='lat' dir='ltr'><em>superfluis</em></span> <span class='ocrx_word' id='word_1_211' title='bbox 1043 4269 1164 4333; x_wconf 90' lang='lat' dir='ltr'><em>fluxum</em></span> <span class='ocrx_word' id='word_1_212' title='bbox 1187 4263 1277 4355; x_wconf 72' lang='lat' dir='ltr'><em>aqu‘ae</em></span> <span class='ocrx_word' id='word_1_213' title='bbox 1291 4292 1350 4353; x_wconf 90' lang='lat' dir='ltr'><em>per</em></span> <span class='ocrx_word' id='word_1_214' title='bbox 1372 4270 1511 4332; x_wconf 81' lang='lat' dir='ltr'><em>canalem</em></span> 
     </span>
     <span class='ocr_line' id='line_1_27' title="bbox 221 4372 1509 4463; baseline 0.002 -28"><span class='ocrx_word' id='word_1_215' title='bbox 221 4372 415 4462; x_wconf 88' lang='lat' dir='ltr'><em>perturbare,</em></span> <span class='ocrx_word' id='word_1_216' title='bbox 439 4375 600 4460; x_wconf 87' lang='lat' dir='ltr'><em>impedire,</em></span> <span class='ocrx_word' id='word_1_217' title='bbox 624 4387 657 4439; x_wconf 89' lang='lat' dir='ltr'><em>et</em></span> <span class='ocrx_word' id='word_1_218' title='bbox 676 4376 836 4441; x_wconf 82' lang='lat' dir='ltr'><em>retardare</em></span> <span class='ocrx_word' id='word_1_219' title='bbox 857 4392 998 4461; x_wconf 79' lang='lat' dir='ltr'><em>possunt,</em></span> <span class='ocrx_word' id='word_1_220' title='bbox 1025 4377 1187 4463; x_wconf 88' lang='lat' dir='ltr'><em>quiescant</em></span> <span class='ocrx_word' id='word_1_221' title='bbox 1201 4379 1283 4441; x_wconf 88' lang='lat' dir='ltr'><em>inter</em></span> <span class='ocrx_word' id='word_1_222' title='bbox 1305 4400 1338 4441; x_wconf 94' lang='lat' dir='ltr'><em>se</em></span> <span class='ocrx_word' id='word_1_223' title='bbox 1361 4390 1509 4463; x_wconf 89' lang='lat' dir='ltr'><em>tanquam</em></span> 
     </span>
     <span class='ocr_line' id='line_1_28' title="bbox 221 4476 1509 4569; baseline 0.006 -29"><span class='ocrx_word' id='word_1_224' title='bbox 221 4476 296 4564; x_wconf 85' lang='lat' dir='ltr'><em>gelu</em></span> <span class='ocrx_word' id='word_1_225' title='bbox 318 4480 502 4557; x_wconf 73' lang='lat' dir='ltr'><em>constricta,</em></span> <span class='ocrx_word' id='word_1_226' title='bbox 529 4493 561 4545; x_wconf 90' lang='lat' dir='ltr'><em>et</em></span> <span class='ocrx_word' id='word_1_227' title='bbox 582 4484 765 4566; x_wconf 84' lang='lat' dir='ltr'><em>corporibus</em></span> <span class='ocrx_word' id='word_1_228' title='bbox 779 4483 819 4546; x_wconf 92' lang='lat' dir='ltr'><em>ad</em></span> <span class='ocrx_word' id='word_1_229' title='bbox 834 4484 974 4566; x_wconf 88' lang='lat' dir='ltr'><em>ipsorum</em></span> <span class='ocrx_word' id='word_1_230' title='bbox 994 4497 1099 4568; x_wconf 88' lang='lat' dir='ltr'><em>partes</em></span> <span class='ocrx_word' id='word_1_231' title='bbox 1122 4487 1239 4549; x_wconf 88' lang='lat' dir='ltr'><em>anticas</em></span> <span class='ocrx_word' id='word_1_232' title='bbox 1254 4497 1286 4550; x_wconf 86' lang='lat' dir='ltr'><em>et</em></span> <span class='ocrx_word' id='word_1_233' title='bbox 1299 4486 1435 4569; x_wconf 86' lang='lat' dir='ltr'><em>posticas</em></span> <span class='ocrx_word' id='word_1_234' title='bbox 1457 4483 1509 4547; x_wconf 88' lang='lat' dir='ltr'><em>ad-</em></span> 
     </span>
    </p>
   </div>
   <div class='ocr_carea' id='block_1_13' title="bbox 219 4645 1506 4779">
    <p class='ocr_par' dir='ltr' id='par_1_13' title="bbox 219 4645 1506 4779">
     <span class='ocr_line' id='line_1_29' title="bbox 252 4645 1506 4719; baseline 0.006 -24"><span class='ocrx_word' id='word_1_235' title='bbox 252 4645 314 4711; x_wconf 74' lang='grc'>(’)·</span> <span class='ocrx_word' id='word_1_236' title='bbox 326 4648 551 4708; x_wconf 70' lang='lat' dir='ltr'><em>Nmspntiointer</em></span> <span class='ocrx_word' id='word_1_237' title='bbox 525 4653 892 4700; x_wconf 67' lang='lat' dir='ltr'><em>eresemkmnmnsscrscs</em></span> <span class='ocrx_word' id='word_1_238' title='bbox 879 4656 1040 4712; x_wconf 80' lang='lat' dir='ltr'><em>etsptaeroitis</em></span> <span class='ocrx_word' id='word_1_239' title='bbox 1022 4670 1154 4717; x_wconf 70' lang='lat' dir='ltr'><em>asperque</em></span> <span class='ocrx_word' id='word_1_240' title='bbox 1161 4658 1327 4736; x_wconf 60' lang='lat' dir='ltr'><em>aquaticam,</em></span> <span class='ocrx_word' id='word_1_241' title='bbox 1339 4656 1506 4719; x_wconf 64' lang='lat' dir='ltr'><em>snmaeqnaiio</em></span> 
     </span>
     <span class='ocr_line' id='line_1_30' title="bbox 219 4712 1118 4779; baseline 0.006 -18"><span class='ocrx_word' id='word_1_242' title='bbox 219 4712 766 4778; x_wconf 62' lang='lat' dir='ltr'><em>commimsottmmamcynnens</em></span> <span class='ocrx_word' id='word_1_243' title='bbox 755 4718 847 4777; x_wconf 68' lang='lat' dir='ltr'><em>mtoeroe</em></span> <span class='ocrx_word' id='word_1_244' title='bbox 882 4716 1057 4765; x_wconf 67' lang='lat' dir='ltr'><em>l&#39;immaschl</em></span> <span class='ocrx_word' id='word_1_245' title='bbox 1034 4718 1118 4779; x_wconf 70' lang='lat' dir='ltr'><em>sctirsen</em></span> 
     </span>
    </p>
   </div>
   <div class='ocr_carea' id='block_1_14' title="bbox 0 0 1642 5650">
    <p class='ocr_par' dir='ltr' id='par_1_14' title="bbox 0 0 1642 5650">
     <span class='ocr_line' id='line_1_31' title="bbox 0 0 1642 5650; baseline 0 8"><span class='ocrx_word' id='word_1_246' title='bbox 0 0 1642 5650; x_wconf 95' lang='lat' dir='ltr'><em> </em></span> 
     </span>
    </p>
   </div>
  </div>
 </body>
</html>
