3275 5650
246 457 307 516 stt
552 446 892 515 PHILOSOPHIAE
914 446 1186 513 NATURALIS
1250 447 1360 526 [Mor.
1371 450 1526 515 Conron.

242 615 372 685 maieria
386 618 511 683 vorticis
525 640 563 683 eo
577 616 704 680 iluidior¹
717 616 757 679 sit
771 637 835 700 quo
847 614 971 700 longius
985 614 1079 679 distat
1099 638 1120 678 a
1133 626 1251 692 centro,
1274 615 1324 679 vel
1337 617 1524 695 resistentia,

168 726 203 825 ὀ
243 749 313 813 quoe
327 727 426 790 oritur
440 746 480 789 ex
494 702 615 787 deiectu
629 721 813 785 lubricitatis
827 720 963 804 partium
978 720 1076 798 fluidi,
1104 743 1146 785 er
1166 720 1257 785 aucti
1280 722 1440 787 velocitate
1461 725 1524 810 quii

241 845 346 919 partes
361 833 447 898 fluidi
462 842 644 916 separantur
658 830 698 894 ab
712 829 855 904 invicem,
875 840 1026 915 augeatur
1044 830 1079 892 in
1099 831 1217 915 majore
1238 830 1359 895 ratione
1372 830 1465 917 quim
1485 856 1524 897 ea

242 940 334 1004 estin
350 937 410 1025 quia
425 937 570 1001 velocitas
585 946 726 1023 augetur.
771 934 917 1009 Quorum
938 946 1043 997 tamen
1064 947 1210 1000 neutrum
1231 937 1346 999 rationi
1359 950 1522 1001 consenta-

239 1066 335 1109 neum
349 1044 479 1107 videtur.
525 1040 632 1107 Partes
647 1041 813 1105 crassiores
828 1054 861 1106 et
873 1031 977 1104 minus
990 1040 1107 1119 fluidae,
1128 1041 1312 1131 nisigraves
1327 1044 1436 1110 sintin
1451 1068 1523 1109 cen·

241 1160 334 1227 hum,
351 1148 383 1233 (¹)
398 1146 675 1213 circumferentiam
689 1157 812 1232 petent3
839 1159 871 1211 et
890 1146 1056 1210 verisimile
1070 1158 1118 1211 est
1132 1148 1226 1233 quod,
1250 1150 1370 1215 etiamsi
1391 1152 1523 1217 demon-

241 1257 422 1323 strationum
436 1255 535 1343 gratiis
549 1254 737 1342 hypothesin
752 1254 847 1319 talem
859 1256 949 1319 initio
964 1254 1117 1321 Sectionis
1130 1255 1225 1343 hujus
1238 1261 1463 1343 proposuerim,
1486 1275 1521 1327 ut

241 1368 412 1435 resistentia
425 1368 580 1433 velocitati
600 1365 842 1451 proportionalis
862 1377 953 1441 esset,
981 1362 1019 1449 (ι)
1035 1376 1140 1431 tamen
1161 1366 1334 1431 resistentia
1354 1368 1388 1431 in
1408 1371 1521 1436 minori

240 1474 280 1537 sit
294 1474 412 1537 ratione
426 1470 520 1559 quim
535 1496 572 1537 ea
585 1472 755 1537 velocitatis
770 1483 828 1535 est.
871 1470 905 1555 (¹)
922 1470 998 1545 Quo
1018 1491 1175 1547 concesso,
1198 1482 1343 1555 tempora
1362 1475 1520 1558 periodica

239 1582 374 1665 partium
388 1582 513 1645 vorticis
525 1591 617 1643 crturt
630 1580 664 1642 in
676 1576 903 1663 majori'qutim
924 1575 1080 1660 ‹1an
1090 1578 1221 1641 >ratione
1242 1579 1459 1645 distantiarum
1479 1586 1520 1649 ab

238 1692 334 1776 ipsius
356 1703 473 1755 centro.
517 1688 614 1764 Quod
636 1688 662 1751 si
683 1688 815 1751 vortices
839 1686 899 1770 (uti
918 1684 1094 1770 aliquorum
1108 1697 1156 1751 est
1169 1687 1291 1771 opinio)
1304 1690 1435 1756 celerius
1450 1715 1520 1755 mo.

238 1811 369 1863 veantur
382 1822 481 1885 prope
496 1811 646 1874 centrum,
663 1788 736 1860 dein
749 1795 868 1859 tardius
883 1816 981 1879 usque
995 1794 1034 1857 ad
1050 1805 1169 1859 certum
1178 1794 1318 1873 limitem,
1332 1809 1401 1861 tum
1414 1800 1521 1863 denuo

238 1908 368 1973 celerius
390 1910 482 1993 juxta
506 1906 802 1980 circumferentiam
827 1916 911 1967 certe
924 1924 983 1966 nec
996 1904 1077 1967 ratio
1098 1905 1314 1989 sesquiplicata
1337 1929 1439 1993 neque
1458 1910 1520 1973 alia

238 2016 354 2103 quaevis
368 2029 453 2079 certa
466 2036 503 2079 ac
516 2015 721 2081 determinate
730 2012 872 2077 obtinere
884 2023 995 2095 potest
1040 2013 1088 2095 (¹¹¹)
1104 2013 1249 2077 Viderint
1259 2015 1365 2101 itaque
1379 2017 1519 2101 pbiloso-

237 2122 294 2206 phi
308 2144 371 2207 qno
384 2134 478 2206 pacto
499 2122 730 2209 pbaenomenon
750 2118 830 2183 illud
849 2118 977 2182 rationis
998 2117 1223 2203 sesquiplicatae
1237 2141 1295 2205 per
1310 2124 1441 2189 vortices
1463 2149 1519 2191 ex·

237 2230 345 2315 plicari
358 2230 465 2313 possit.

269 2401 301 2465 (¹)
313 2407 327 2434 θ
341 2404 554 2469 Circumscrmtiam
562 2411 647 2465 ment.
677 2400 708 2449 Id
718 2396 859 2461 experientiis
891 2396 982 2446 Verium
993 2412 1034 2459 per
1043 2397 1140 2446 altemm
1155 2399 1295 2462 analogiam,
1312 2417 1418 2451 mmmm
1430 2404 1519 2452 scilicet

236 2474 326 2513 constat
332 2482 340 2523 ς
359 2480 414 2513 nam
425 2467 445 2512 si
455 2480 514 2527 sque
525 2466 550 2511 in
566 2481 619 2513 vase
634 2474 743 2513 contenta
752 2465 778 2511 in
789 2464 860 2510 vorti-
889 2473 914 2509 et
924 2473 1064 2521 temporum,
1080 2462 1212 2511 velocitates
1222 2466 1327 2522 partium
1337 2468 1431 2514 vorticis
1441 2470 1518 2515 circu-

235 2544 286 2576 csm
295 2539 384 2591 agatur,
395 2529 467 2589 paleas
475 2538 498 2576 et
506 2528 551 2577 elie
559 2528 694 2591 corpuscula
701 2526 780 2575 minus
787 2524 870 2573 fluids'
889 2525 945 2572 luris
954 2536 1010 2571 sunt
1019 2525 1043 2570 in
1055 2526 1142 2572 ratiorm
1152 2526 1252 2587 simplici
1264 2527 1426 2577 distantiarum
1436 2550 1451 2577 a
1462 2533 1518 2579 Sole

236 2601 320 2654 petunt
331 2593 546 2640 circumferentiam.
890 2587 1016 2647 reciproce.
1051 2588 1115 2635 Nam
1131 2589 1150 2634 si
1166 2590 1259 2649 planete
1272 2590 1300 2648 P,
1317 2593 1415 2639 orbitam
1432 2596 1518 2655 ellipti.

269 2654 306 2719 (¹⁵)
319 2660 332 2687 ⁰
349 2659 437 2705 Tamen
449 2659 576 2705 resistentia
586 2658 612 2705 ia
622 2658 707 2705 minari
721 2657 750 2704 eit
761 2656 856 2703 ratione·
889 2667 941 2699 cem
953 2652 999 2715 Pq
1012 2655 1038 2710 Q
1048 2667 1063 2711 p
1074 2651 1188 2699 describat
1198 2663 1222 2701 et
1231 2653 1302 2701 radiis
1311 2656 1342 2703 ed
1352 2658 1490 2705 umbilicum
1501 2661 1519 2707 S

238 2718 304 2783 (Vid.
316 2718 423 2766 ultimam
434 2730 482 2767 not.
493 2720 518 2767 in
529 2722 573 2767 hoc
583 2719 668 2779 schol.)
889 2714 968 2761 ductis
977 2730 1041 2762 trem
1052 2715 1153 2777 Quales
1164 2715 1181 2763 S
1192 2718 1213 2764 P
1223 2732 1247 2778 p,
1261 2719 1277 2765 S
1291 2719 1316 2774 Q
1325 2734 1348 2781 q,
1370 2723 1519 2782 tempusculo

267 2782 298 2847 (¹)
312 2787 324 2814 ⁸
340 2786 388 2837 Quo
400 2800 509 2833 concessa.
529 2784 589 2848 (Per
600 2793 647 2832 not.
656 2780 726 2844 555.)

268 2847 336 2910 cu·
354 2849 455 2896 vairam
465 2851 542 2911 eaque
554 2850 684 2908 praesepti.
720 2845 855 2919 niueum
1162 2815 1255 2920 l*
1270 2861 1299 2912 0

235 2912 322 2965 crescit,
340 2909 413 2957 sitris
423 2911 493 2957 simul
509 2912 687 2973 conjungantur,
704 2925 757 2971 que
767 2923 856 2966 primus

234 2974 341 3022 omnium
363 2974 480 3034 Keplerus
496 2973 557 3020 miris
574 2973 697 3034 sagacitate
707 2987 736 3019 ex
750 2974 856 3020 observa·

236 3037 339 3084 tionibus
359 3036 516 3084 astronomicis
536 3037 640 3084 deduxit.
656 3035 658 3040 ’
684 3035 791 3083 Primum
812 3044 854 3091 est,

234 3095 379 3160 planetas'in
398 3095 523 3161 ellipsibus
545 3115 644 3163 querum
659 3098 797 3147 umbilicum
814 3098 856 3145 Sol

234 3172 339 3223 occupat,
350 3163 504 3212 revolutiones
514 3179 567 3210 suas
577 3178 691 3225 peregere.
720 3161 856 3210 Secundum

234 3226 592 3337 strictitatem
601 3225 856 3344 ittam

410 3306 421 3336 s
472 3306 500 3338 su

235 3353 362 3400 describere
373 3354 514 3412 temporibus
524 3305 711 3416 prriilpdidbnslee
747 3351 855 3399 Tertium

235 3425 277 3471 est,
289 3425 393 3474 tempora
399 3417 515 3476 periodica
522 3418 668 3478 planetarum
675 3414 735 3463 circel
744 3416 824 3463 Solem
831 3425 855 3465 et

234 3479 359 3526 satellitum
370 3478 429 3525 circi
439 3479 575 3539 primarium
585 3495 662 3536 suum,
672 3495 721 3526 esso
732 3479 756 3525 in
766 3481 855 3528 ratione

234 3539 394 3604 sesquipliceti
412 3543 572 3594 distantiarum
588 3561 603 3591 a
617 3553 696 3592 centro
712 3543 749 3589 sui
766 3543 852 3591 motuis.

237 3607 274 3654 Er
286 3604 330 3652 bisc
341 3605 488 3664 proportione
502 3607 620 3669 colligitur
635 3606 779 3666 planetarum
790 3609 854 3654 velo-

235 3671 315 3744 citates
324 3668 349 3714 in
358 3668 510 3780 mediocp'clpup
520 3669 632 3746 detentis
638 3669 853 3780 ebbrpmbplicosscodp:
862 3678 865 3683 ⁴

235 3749 302 3781 mum
313 3748 362 3779 esse
372 3747 417 3780 rect
434 3748 445 3779 r
496 3747 521 3779 m
532 3745 620 3781 ratione
636 3748 663 3780 su
696 3748 710 3779 u
737 3747 772 3780 ica

181 3784 188 3802 '
235 3748 468 3845 alamannia.
489 3797 611 3846 sinaeum
621 3747 855 3854 amedaeum

235 3861 379 3921 planetarum
398 3859 512 3907 distentia
532 3861 554 3908 T
573 3870 630 3917 ett,
652 3873 733 3908 eorum
749 3869 854 3920 tempora

234 3923 355 3985 periodica,
367 3933 391 3970 et
400 3924 510 3984 quoniam
521 3923 544 3970 in
555 3925 653 3986 singulis
659 3923 805 3988 planetarum
815 3940 853 3972 or-

234 3989 288 4036 bitis
308 4001 378 4048 perra
398 3995 432 4033 est
452 3987 566 4034 dbmntiae
583 3988 691 4036 maxima
709 3995 733 4032 et
750 3987 855 4036 minime

235 4049 371 4106 differentia,
393 4049 413 4096 si
431 4051 562 4098 conferatur
578 4066 633 4098 cum
651 4047 782 4098 differemid
800 4067 855 4113 quas

234 4114 295 4161 inter
310 4113 428 4160 ὰίιιιιιιιίει
446 4113 547 4166 duorum
565 4115 710 4175 planetarum
726 4113 853 4173 intercedit,

235 4178 308 4236 spatia
321 4177 462 4236 temporibus
474 4179 496 4225 T
506 4187 557 4234 ert,
574 4177 686 4238 descripta
700 4185 768 4224 erunt
783 4194 855 4239 quam

235 4241 339 4301 proxime
357 4249 384 4286 ut
399 4240 515 4289 distantia
528 4244 553 4290 D
564 4251 587 4288 et
598 4242 628 4300 d;
648 4239 711 4288 unde
727 4240 858 4290 velocitates
890 4225 945 4274 ‘lm
960 4237 1042 4286 imi·
1061 4239 1140 4280 centro
1153 4233 1169 4282 S
1180 4233 1282 4282 madiis
1294 4236 1311 4284 S
1323 4236 1352 4293 Ρ»
1366 4237 1382 4284 S
1395 4237 1515 4294 dei·

643 4305 668 4352 D
754 4303 771 4350 d
889 4292 976 4338 bantur
985 4309 1052 4340 arcus
1062 4296 1185 4345 circulares
1194 4314 1265 4361 quam
1274 4301 1365 4347 minimi
1379 4301 1401 4348 Ρ
1410 4314 1429 4360 r,
1443 4304 1468 4358 Q
1480 4306 1513 4361 R,

235 4350 381 4428 eruntutrf
393 4351 465 4430 et?
481 4344 525 4391 boc
535 4352 576 4399 cst,
588 4352 616 4391 ut
629 4351 793 4463 -Π-ξῃὶᾶ-ῧ,
810 4344 859 4414 sivti
890 4354 932 4414 qui
942 4356 1042 4403 radiisS
1057 4371 1082 4417 p,
1096 4361 1143 4422 Sq,
1154 4373 1264 4409 occurant
1274 4363 1398 4421 innecii,
1411 4368 1515 4415 critarea

293 4463 304 4506 1
387 4464 397 4505 ι
495 4497 502 4511 ,
631 4500 637 4510 ,
741 4501 748 4512 ,
894 4417 1512 4526 sssP=SP><P¹=SQu=SaxQu

237 4505 265 4544 ut
276 4523 330 4600 m
340 4505 364 4544 et
374 4523 426 4598 Π
442 4513 483 4546 seu
494 4515 519 4546 m
528 4499 691 4562 subduphcetd
706 4511 795 4549 ratione
810 4517 860 4551 me-
892 4489 921 4598 ’ἆ
933 4482 1296 4609 Βωωξιῑέιῖρξῖωὲἀῗοῇᾦῑῗ
1308 4492 1458 4602 {adedreieg
1468 4511 1480 4538 r
1489 4507 1514 4542 et

236 4599 352 4676 (licerium
362 4600 523 4674 distantiarum
536 4601 632 4676 inverse,
644 4602 669 4648 in
679 4599 727 4678 quis
737 4604 806 4650 etiam
823 4619 860 4678 ra-
892 4607 1005 4669 descripta
1010 4610 1108 4673 ideoque
1116 4624 1143 4660 ut
1149 4615 1278 4664 velocitates
1284 4619 1406 4666 circulares
1412 4574 1514 4679 paridisi

237 4662 509 4740 ponesnntuvelocrtates
524 4676 624 4725 paruum
641 4676 733 4712 vorticis
742 4667 861 4714 circulans
893 4673 986 4720 vorticis
1003 4673 1028 4719 in
1046 4674 1073 4730 P,
1091 4685 1115 4722 ct
1127 4678 1162 4734 Q;
1181 4679 1252 4740 quar&
1262 4683 1447 4730 velocimffiffloe
1457 4695 1515 4733 mg

236 4743 262 4776 m
281 4728 401 4778 distamus
417 4727 476 4774 Det
486 4726 602 4782 desole
614 4732 666 4792 (per
683 4731 753 4792 Prop.
768 4731 860 4795 Llll.)
892 4735 918 4781 in
936 4737 1025 4784 ratione
1042 4737 1134 4787 inversi
1150 4740 1316 4794 distantiarum.
1352 4745 1426 4795 Porro
1441 4747 1514 4811 quam
