3275 5650
373 894 575 991 rnnsx
602 913 1098 996 Pnorosmrontnn

547 1134 675 1200 LIBRI
701 1136 917 1203 SECUNDI.

222 1498 327 1549 Pnor.
349 1500 369 1547 1.
406 1500 542 1549 Trition.
563 1500 584 1547 1.

95 1582 209 1643 Corporis,
221 1583 259 1630 eni
272 1583 382 1629 resistitur
390 1583 414 1628 in
422 1584 510 1631 ratione
518 1582 650 1641 velantem,

124 1656 203 1693 motus
214 1662 240 1693 er
253 1643 382 1693 resistentia
391 1648 496 1704 emissus,
513 1659 548 1694 est
562 1656 589 1693 ut
599 1662 651 1707 sps-

786 1500 867 1563 primoe
877 1501 974 1561 inverso,
990 1502 1097 1551 eminent
1113 1514 1187 1565 partes
1202 1515 1309 1553 motuum
1326 1470 1364 1511 Μ

787 1564 969 1625 proportionales
984 1567 1044 1621 totis
1061 1569 1168 1627 et'spetis
1182 1570 1311 1618 describent

787 1631 929 1688 temporibus
947 1630 996 1676 istis
1012 1641 1035 1678 et
1057 1631 1214 1707 relpcimtibus
1231 1634 1312 1695 primis

124 1710 184 1757 tium
195 1710 312 1757 movendo
327 1710 458 1757 conlectum
461 1743 649 1759 ..................
684 1715 714 1759 ts
786 1693 929 1755 mnium
942 1694 1120 1755 PmP⁰¹²i⁰¹¹⁸¹¹⁸
1122 1728 1309 1746 ··················
1343 1704 1374 1745 ⁴2

213 1815 316 1863 Prior.
332 1815 369 1863 rr.
404 1815 542 1865 rusori.
557 1788 615 1863 11.'

95 1900 119 1947 si
130 1898 218 1958 corpori
229 1899 341 1945 resistitur
351 1899 376 1944 in
387 1899 476 1945 ratione
483 1898 615 1956 velocitatis,
627 1908 651 1947 et

124 1962 188 2009 idern
205 1962 253 2007 soli
265 1961 287 2007 vi
299 1961 368 2008 insitis
375 1976 419 2025 per
429 1962 532 2009 medium
549 1962 650 2010 similare

124 2034 460 2080 moveaturssumsnturnutem
467 2036 650 2088 temporsaeqns-

124 2089 169 2135 lis:
188 2089 319 2135 velocitates
334 2090 358 2133 in
375 2088 493 2148 principiis
504 2088 650 2151 singulorum

124 2162 256 2211 temporum
272 2152 367 2198 suntin
384 2154 541 2214 progressione
556 2168 650 2215 geome-

124 2214 189 2266 trici,
210 2225 234 2261 et
251 2215 324 2273 spstis
339 2214 437 2275 singulis
453 2216 594 2275 temporibus
609 2215 649 2262 de-

123 2280 208 2338 scripte
223 2288 279 2323 sunt
289 2287 316 2324 ut
326 2278 456 2325 velocitates
458 2312 645 2327 ..................
653 2277 708 2326 mid.

216 2380 320 2429 PROP.
337 2380 389 2428 ΙΙΙ.
426 2380 555 2429 Pnossn
570 2382 591 2428 Ι.

95 2466 203 2525 Corporis
214 2465 260 2522 cui,
277 2465 335 2512 dum
351 2466 375 2511 in
391 2466 468 2513 medio
484 2466 578 2513 similati
588 2466 651 2513 recti

124 2529 228 2576 ascendit
244 2529 280 2575 rel
299 2529 424 2585 descendit,
443 2530 557 2577 resistitur
572 2530 597 2575 in
613 2545 650 2577 m·

125 2596 189 2639 tione
209 2592 342 2648 velocitatis,
363 2593 471 2658 qundqffl
491 2594 521 2640 sb
539 2592 650 2640 uniformi
676 2612 679 2618 ·

211 2758 315 2807 PROP.
330 2759 377 2807 IV.
414 2758 542 2807 PROBL.
560 2759 612 2807 11..

96 2846 178 2894 Posito
193 2845 257 2908 quod
272 2846 307 2892 vis
322 2843 439 2907 gravitudo
450 2844 475 2890 in
485 2843 562 2890 medio
572 2843 651 2906 aliquo

127 2911 222 2956 similari
233 2909 356 2956 uniformis
366 2909 401 2962 sit.
411 2923 436 2954 ec
444 2907 522 2955 tendet
531 2908 651 2966 perpendi-

126 2973 234 3020 culariter
249 2972 384 3032 adplenum
400 2971 538 3028 horisontis;
555 2970 651 3017 delinire

125 3045 218 3082 motum
232 3036 355 3098 projectilis
365 3035 390 3080 ln
401 3035 483 3082 eodem
498 3035 649 3081 resistentism

125 3099 240 3147 velocitati
251 3099 444 3159 proportionalem
460 3097 573 3160 patientis.
576 3131 649 3147 .......

210 3203 313 3251 Pnor’.
329 3203 358 3250 V.
394 3203 530 3251 Tnnon
546 3201 599 3250 111.

98 3289 123 3336 St
140 3287 229 3347 corpori
249 3287 361 3334 resistitur
379 3288 403 3335 in
422 3287 547 3336 velocitatis
563 3287 651 3335 ratione

128 3351 252 3412 duplicati,
269 3361 293 3398 et
304 3351 365 3398 idern
381 3351 428 3398 soii
439 3353 462 3398 vi
472 3351 540 3398 insiti
550 3367 592 3412 per
601 3367 650 3397 me-

128 3415 193 3462 dium
212 3415 312 3462 similare
327 3426 459 3473 movestur;
478 3426 580 3474 tempore
595 3412 650 3462 verti

128 3479 249 3525 sumentur
267 3478 292 3524 in
310 3481 467 3541 progressione
482 3477 621 3540 geometrici
636 3494 651 3524 s

128 3544 254 3588 minoribus
265 3543 367 3588 terminis
378 3542 407 3588 sd
418 3546 515 3605 msj0res
526 3551 647 3604 pergente:

127 3605 180 3652 dico
196 3605 258 3668 quod
276 3605 407 3652 velocitates
425 3606 491 3652 initio
505 3605 652 3667 singulorum

127 3679 258 3730 temporum
277 3677 332 3715 sunt
350 3668 375 3713 in
392 3667 472 3714 eisdem
494 3670 651 3732 progressione

128 3729 267 3795 geometrici
277 3731 372 3784 inversi,
393 3741 417 3777 et
432 3731 494 3792 qnid
510 3733 583 3791 sputis
597 3743 653 3780 sunt

128 3797 232 3858 mqnslin,
243 3811 296 3858 quae
308 3794 406 3857 singulis
417 3797 557 3854 temporibus
567 3795 652 3842 deseri.

127 3862 215 3908 buntur
214 3891 650 3908 ..........................................
684 3865 714 3908 87

201 3947 368 4016 rsonvr.
404 3965 601 4014 THEon.1v.

97 4049 461 4112 Corporrspbaericabomogenes
472 4057 495 4096 et
505 4049 609 4109 nequalia,
616 4064 652 4095 re·

128 4116 235 4178 sistentiis
245 4116 269 4160 in
278 4111 396 4174 duplicari
407 4115 495 4160 ratione
505 4113 653 4160 velocitstum

128 4178 238 4238 impediti
254 4186 277 4223 st
295 4177 350 4223 solis
365 4178 451 4223 viribus
466 4176 540 4222 insitis
550 4175 651 4233 incitate,

127 4242 268 4302 temporibus
278 4257 331 4303 quae
342 4249 397 4286 sunt
407 4239 521 4300 reciproce
532 4250 559 4286 nt
570 4239 653 4287 reloci-

127 4311 184 4352 tates
190 4308 234 4351 sub
245 4305 319 4360 initio,
332 4303 464 4350 describunt
475 4319 565 4363 semper
576 4319 653 4366 aeqnn·

128 4369 157 4416 lis
168 4370 249 4429 spatis,
266 4379 289 4414 et
299 4369 409 4415 emittunt
419 4377 495 4426 portes
506 4368 654 4414 velocitatum

126 4431 307 4492 proportionales
311 4435 367 4500 totis
369 4463 652 4480 ...........................
686 4436 717 4478 42

207 4540 312 4587 Prior.
329 4540 390 4586 vlt.
427 4540 562 4587 ΤΗΕΟΒκ
575 4541 605 4586 V.

94 4625 198 4685 Corpora
206 4625 317 4684 splraericn
324 4625 408 4686 quibus
419 4625 529 4671 resistitur
540 4625 564 4670 in
575 4624 653 4683 dupli·

125 4689 176 4735 esti
184 4690 273 4736 ratione
282 4689 436 4744 velocitatem,
449 4689 590 4747 temporibus
600 4703 653 4749 qum

126 4764 181 4802 sunt
191 4763 218 4800 ut
229 4761 308 4800 motus
318 4752 386 4812 primi
397 4752 482 4799 directo
490 4752 653 4800 etresistentiae

850 1790 956 1842 PnoP.
970 1794 1048 1843 VIII.
1084 1795 1220 1845 THEOR.
1235 1798 1282 1846 VI.

757 1876 782 1925 Si
793 1892 876 1937 corpus
885 1880 911 1925 in
920 1879 998 1927 medio
1008 1881 1126 1937 uniformi,
1136 1882 1247 1943 gravitate
1258 1883 1311 1929 nni-

785 1941 891 1988 i'nrmiter
897 1944 1311 2005 egente‚recttissoendstveldesceo·
1400 1968 1403 1975 ·

786 2004 833 2060 det,
850 2015 873 2052 ct
883 2007 984 2065 spetlum
994 2016 1070 2055 totum
1080 2007 1221 2068 descriptum
1231 2009 1312 2055 distin-

786 2077 872 2129 guatur
879 2069 905 2115 in
912 2078 987 2129 portes
994 2071 1101 2132 aquales,
1113 2072 1184 2133 inque
1194 2072 1312 2132 principiis

785 2132 930 2193 singulorum
951 2136 1051 2193 partium
1071 2134 1189 2196 (addendo
1204 2137 1311 2182 resisten-

786 2195 842 2240 tism
852 2196 922 2241 medii
930 2197 960 2243 sd
967 2198 1013 2243 vim
1023 2198 1148 2259 gravitatis,
1160 2199 1254 2259 quando
1259 2214 1310 2246 onr-

786 2272 831 2315 pus
838 2260 949 2316 ascendit,
956 2260 992 2306 vel
1000 2260 1151 2308 subducendo
1157 2263 1229 2321 ipssm
1236 2278 1311 2324 qusn-

786 2321 817 2367 do
827 2336 911 2381 eorpus
926 2322 1054 2382 descendit)
1071 2326 1238 2388 investigentur
1252 2327 1312 2373 vires

786 2385 913 2441 obsolutre3
932 2386 985 2432 dico
994 2387 1058 2447 quod
1069 2389 1129 2433 vires
1138 2388 1186 2434 illae
1201 2390 1312 2437 absolutor

785 2457 841 2493 sunt
851 2447 877 2493 in
887 2451 1046 2509 progressione
1055 2450 1202 2511 geometrici.
1205 2484 1310 2502 ..........

1344 2460 1376 2503 49

857 2555 959 2604 PROP.
973 2555 1024 2605 lx.
1059 2558 1196 2607 THEOR.
1210 2560 1273 2607 VII.
1347 2566 1352 2575 ’

125 2657 237 2719 gravitate
248 2666 351 2719 urgetur,
367 2656 463 2704 delinire
473 2666 572 2703 motum.
575 2688 647 2706 .......
683 2660 713 2706 15
756 2639 1075 2702 POElffllmdmnstmfis
1093 2642 1311 2705 dicoquodsitsn-

784 2713 866 2767 gentes
884 2705 1025 2767 angulorum
1043 2708 1136 2764 sectoris
1154 2706 1271 2754 circularis
1286 2718 1311 2755 et

785 2769 878 2815 sectoris
891 2770 1031 2830 hyperbolici
1045 2781 1167 2821 sumentur
1185 2771 1311 2817 velocitati-

785 2835 830 2880 bus
839 2834 1028 2892 pmportionales,
1044 2835 1158 2881 existente
1168 2835 1233 2881 rndio
1240 2837 1311 2898 justes

785 2896 967 2957 magnitudinis:
987 2899 1030 2945 erit
1049 2909 1311 2957 tempnsomnosscen-
1379 2904 1384 2914 ‘

787 2959 857 3006 dendi
874 2960 904 3008 sd
921 2961 999 3007 locum
1014 2976 1134 3008 summurn
1145 2970 1173 3008 ut
1182 2973 1257 3008 sector
1266 2962 1311 3008 cir·

786 3024 841 3078 culi,
856 3034 880 3070 et
890 3035 982 3084 tempus
991 3039 1061 3072 omne
1071 3025 1224 3072 descendendi
1234 3041 1249 3072 s
1259 3026 1312 3072 loeo

786 3101 878 3133 summo
889 3097 916 3134 nt
925 3097 998 3134 sector
1008 3089 1144 3150 hyperbolis.
1150 3121 1306 3137 ...............
1338 3094 1371 3138 52

874 3189 977 3239 PROP.
990 3191 1023 3240 X.
1060 3193 1189 3240 PROBL.
1204 3191 1258 3241 111.

756 3273 849 3322 Tendst
864 3275 987 3322 uniformis
1003 3277 1037 3324 vis
1051 3277 1169 3340 gravitatis
1178 3274 1266 3325 directe
1280 3275 1311 3324 sd

786 3339 883 3398 plenum
899 3339 1032 3397 horizontis,
1048 3343 1123 3404 sitque
1139 3340 1266 3388 resistentis
1281 3349 1310 3387 ut

786 3401 858 3448 medii
873 3401 974 3450 densitas
988 3416 1012 3451 et
1027 3405 1165 3466 quadratum
1185 3402 1311 3453 velocitatis

786 3465 942 3531 conjunctimz
963 3468 1089 3529 requiritur
1103 3478 1155 3516 tum
1171 3467 1242 3514 medii
1253 3467 1310 3514 den·

787 3529 842 3574 situs
857 3529 882 3574 iu
892 3529 948 3577 locis
957 3531 1063 3594 singulis,
1080 3548 1133 3594 qum
1143 3533 1212 3580 nent
1222 3541 1249 3578 ut
1259 3546 1310 3578 cor-

786 3607 831 3654 pus
840 3592 866 3638 in
877 3591 931 3640 dut
938 3594 1018 3656 quiris
1024 3595 1085 3642 linei
1096 3595 1167 3644 curvi
1176 3605 1295 3642 moventur
1300 3612 1308 3651 ς

786 3663 838 3703 tum
849 3658 951 3716 corporis
965 3659 1073 3706 velocitas
1082 3670 1107 3706 et
1117 3659 1188 3705 medii
1204 3659 1311 3703 resisten-

786 3718 819 3766 tis
828 3719 854 3765 in
863 3719 920 3766 locis
929 3721 1034 3783 ungulis
1039 3752 1309 3770 ..........................

846 3835 949 3883 PROP.
964 3836 1013 3884 xl.
1048 3837 1184 3885 THEOR.
1199 3836 1280 3884 v111.

758 3917 878 3978 Sicorpori
885 3920 1004 3975 resistitur,
1012 3921 1094 3979 purtim
1101 3919 1126 3965 in
1134 3919 1222 3966 rstione
1228 3918 1312 3966 veloci-

787 3981 848 4037 tetis,
856 3984 971 4043 partimin
980 3983 1105 4030 velot-itatis
1111 3986 1199 4030 ratione
1205 3983 1311 4043 duplico·

788 4045 819 4100 ti,
828 4046 920 4094 etidem
927 4046 1006 4093 solini
1016 4046 1084 4093 insin
1093 4047 1117 4092 in
1128 4046 1206 4093 medio
1216 4045 1312 4120 similini

788 4120 909 4158 moretur:
932 4120 1054 4157 sumentur
1068 4122 1148 4156 eutem
1164 4120 1267 4170 tempore
1285 4123 1312 4154 ut

788 4171 946 4284 fflffisione
956 4173 1110 4284 niriglgrcrgeticgz
1124 4174 1262 4284 gtggpgilteres
1258 4187 1313 4283 (1ζὶ

788 4252 1031 4363 quidsinuriurinctitete
1045 4253 1126 4360 geg
1146 4253 1249 4348 erestein
1259 4317 1312 4362 pro-

788 4366 905 4427 gressione
920 4366 1058 4428 geometrici
1060 4398 1311 4413 ........................

855 4475 957 4523 PROP.
973 4475 1039 4523 XII.
1074 4477 1125 4523 ΤΗ
1130 4476 1212 4523 EOR.
1228 4476 1277 4522 lx.

759 4561 847 4610 lisdem
858 4562 944 4622 positis,
955 4561 1008 4606 vlico
1017 4558 1111 4635 quodsi
1121 4560 1313 4636 spstis'descripts

789 4636 920 4735 {iniit
931 4627 1315 4750 ttrffittntitttt

789 4763 859 4801 erunt
868 4753 892 4798 in
907 4752 1065 4814 progressione
1080 4749 1221 4814 geometricis
1221 4783 1313 4798 .........

1345 4369 1376 4412 94

1347 4753 1377 4796 96
