3275 5650
244 448 306 507 814
455 472 461 481 ·
562 440 903 507 PHILOSOPHIAE
925 439 1196 508 NATURALIS
1254 441 1362 521 [Mor.
1379 442 1518 509 cosmi

244 612 347 697 quoad
377 612 560 679 densitatem
582 636 679 691 suam,
713 635 814 699 neque
836 614 941 699 quoad
961 614 1023 678 vim
1044 614 1170 677 insitam
1195 623 1249 676 aut
1274 613 1411 699 figuram
1437 633 1529 675 suam

242 730 389 795 mutatur,
405 719 579 783 movebitur
598 718 707 783 eidem
721 720 790 806 lege
804 742 841 783 ac
855 720 960 803 prius:
983 731 1015 783 et
1029 730 1155 796 contra,
1171 719 1198 782 si
1211 718 1336 782 vorticis
1355 740 1426 801 pars
1449 740 1527 781 con-

242 827 344 913 gelata
358 838 389 890 et
403 826 502 889 solida
517 826 656 911 ejusdem
671 828 711 891 sit
725 826 885 891 densitatis
906 848 978 889 cum
1001 826 1121 915 reliquo
1142 826 1269 901 vortice,
1298 837 1329 888 et
1350 808 1526 892 resolvatur

242 934 274 997 in
289 934 429 1011 fluidum,
452 935 627 999 movebitur
641 934 709 999 haec
723 934 833 999 eidem
846 934 916 1021 lege
930 956 966 998 ac
980 936 1077 1018 prius,
1100 934 1160 997 nisi
1174 933 1326 1019 quitenus
1340 933 1436 1017 ipsius
1450 955 1525 1017 par-

241 1038 346 1101 ticulae
366 1041 433 1124 jam
457 1034 562 1103 iluidae
579 1039 677 1103 *factae
701 1054 885 1105 moveantur
909 1040 991 1103 inter
1016 1062 1059 1106 se.
1103 1036 1290 1125 Negligitur
1310 1037 1407 1123 igitur
1420 1050 1523 1102 motus

240 1148 462 1231 particularum
476 1151 557 1213 inter
571 1173 614 1226 se,
641 1162 789 1235 tanquam
804 1149 845 1212 ad
859 1150 1088 1213 totiusmotum
1113 1146 1344 1233 progressivum
1365 1146 1411 1208 nil
1432 1168 1523 1229 spec-

240 1263 320 1331 tans
348 1268 379 1319 et
399 1268 501 1319 motus
523 1256 619 1332 totius
640 1256 723 1319 idem
738 1256 796 1321 erit
810 1278 847 1320 ac
861 1256 958 1339 prius.
1003 1254 1238 1320 Motusautem
1260 1253 1345 1317 idem
1370 1254 1429 1317 erit
1450 1276 1524 1317 cum

240 1371 327 1423 motu
350 1359 479 1428 abarum
501 1361 625 1425 vorticis
650 1362 786 1445 partium
800 1384 818 1424 a
832 1373 941 1426 centro
961 1362 1122 1449 aequaliter
1141 1360 1332 1437 distantium,
1355 1371 1524 1443 propterea

241 1466 326 1550 quod
340 1466 474 1529 solidum
487 1468 519 1529 in
534 1467 664 1530 fluidum
679 1464 850 1531 resolutum
864 1467 900 1530 fit
913 1490 986 1551 pars
1000 1467 1125 1531 vorticis
1147 1466 1267 1530 caeteris
1289 1466 1430 1549 partibus
1445 1489 1523 1531 con·

240 1572 357 1635 similis
380 1610 382 1615 ·
403 1572 490 1659 Ergo
516 1572 659 1651 solidum,
687 1574 711 1635 si
736 1574 775 1637 sit
800 1572 938 1658 ejusdem
959 1573 1119 1637 densitatis
1141 1593 1212 1635 cum
1233 1572 1362 1635 materiai
1383 1574 1520 1651 vorticis,

239 1678 349 1741 eodem
364 1688 451 1741 motu
466 1700 537 1741 cum
551 1679 646 1762 ipsius
661 1680 801 1762 partibus
815 1678 1000 1755 movebitur,
1016 1679 1050 1741 in
1064 1677 1192 1742 materiai
1207 1676 1351 1761 proximi
1365 1679 1523 1744 ambiente

222 1778 365 1853 'relative
390 1783 560 1869 quiescens.
607 1785 663 1849 Sin
688 1786 812 1849 densius
828 1786 876 1863 sit,
902 1786 941 1871 (¹²)
952 1787 1019 1871 jam
1039 1786 1139 1871 magis
1158 1786 1321 1848 conabitur
1336 1786 1481 1849 recedere
1502 1810 1523 1851 a

239 1906 346 1955 centro
360 1892 484 1955 vorticis
499 1890 593 1979 quim
606 1892 710 1975 prius3
726 1892 859 1979 ideisque
874 1894 998 1956 vorticis
1013 1893 1076 1955 vim
1090 1892 1185 1970 illam,
1198 1892 1259 1978 qui
1271 1892 1358 1975 prius
1369 1893 1402 1954 in
1416 1893 1519 1957 orbiti

239 1996 294 2060 susi
309 2011 457 2083 tanquam
471 1998 504 2060 in
518 1998 692 2085 aequilibrio
707 1998 908 2062 constitutum
922 1999 1121 2075 retinebatur,
1132 1999 1199 2081 jam
1213 2020 1374 2081 superans,
1396 2001 1522 2065 recedet

162 2160 165 2163 .
225 2130 256 2169 a
272 2120 378 2169 centro
393 2118 424 2171 et
438 2106 624 2180 revolvendo
639 2108 793 2173 describet
807 2108 961 2192 spiralem,
984 2130 1049 2171 non
1063 2108 1196 2192 amplius
1211 2109 1245 2172 in
1260 2110 1395 2173 eundem
1408 2110 1520 2174 orbem

237 2296 364 2359 compositi
376 2312 404 2345 ex
415 2298 504 2346 ratione
514 2314 613 2345 summe
623 2292 707 2344 virium
718 2298 860 2361 centrifnga-
891 2298 916 2345 in
927 2300 1083 2364 quoplanets,
1092 2299 1146 2347 adm
1155 2300 1248 2349 densior
1255 2309 1296 2358 est,
1305 2300 1461 2357 descenditet
1468 2302 1511 2348 ubi

236 2378 291 2409 rum
309 2362 400 2409 orbium
419 2362 525 2409 omnium
546 2362 682 2407 inferiorum
703 2363 733 2408 ad
754 2372 861 2407 centrum
890 2367 964 2414 rarior
985 2372 1027 2418 est,
1045 2362 1155 2420 ascendit,
1175 2364 1212 2411 vel
1228 2374 1349 2427 graveuest
1363 2365 1388 2410 in
1404 2375 1512 2411 centrum

238 2424 312 2487 usque
330 2424 428 2483 vorticis,
445 2440 473 2469 ex
493 2424 582 2473 ratione
596 2425 722 2471 velocitatis
737 2423 784 2486 quit
795 2428 861 2471 orbes
891 2428 984 2477 vorticis
994 2428 1031 2474 vel
1042 2442 1097 2474 non.
1134 2428 1240 2489 Sigrave
1255 2443 1303 2473 non
1321 2428 1358 2484 sit,
1378 2428 1470 2488 planete
1484 2428 1511 2474 in

237 2489 342 2551 contigui
359 2490 388 2535 ab
406 2488 504 2535 invicem
523 2496 663 2549 separantur,
684 2498 707 2535 et
726 2503 754 2535 ex
773 2488 862 2535 ratione
889 2492 1059 2541 mediomiori
1069 2490 1164 2550 positus,
1177 2491 1370 2564 eodemqupcum
1381 2492 1460 2538 medio
1469 2492 1511 2538 1110
1599 2522 1607 2535 .

237 2552 352 2599 distantiae
370 2552 462 2599 orbium
479 2550 573 2598 illorum
591 2568 606 2598 a
622 2562 715 2610 centro;
737 2550 801 2598 unde
820 2567 862 2612 per
889 2554 1016 2619 gyrationis
1026 2566 1092 2600 motu
1103 2562 1175 2611 actus,
1187 2556 1267 2617 majori
1279 2569 1300 2599 vr
1317 2572 1332 2601 a
1350 2565 1429 2601 centro
1446 2570 1511 2604 rece.

139 2645 142 2649 ,
237 2614 349 2677 analysim
361 2615 454 2662 deducit
464 2624 568 2675 tempora
578 2614 860 2675 periodicepartiumvor·
893 2622 947 2666 dere
958 2627 1003 2664 ets
1018 2618 1098 2663 iralem
1109 2618 1260 2679 trajectoriam
1271 2616 1420 2665 describendo
1430 2618 1456 2664 in
1472 2618 1511 2664 in.

237 2680 289 2727 ticis
299 2679 404 2739 sphaerici
414 2678 552 2741 homogenei
563 2694 612 2727 esse
619 2679 644 2724 in
655 2678 743 2725 ratione
753 2678 858 2726 radicum
893 2682 988 2729 linitum
998 2632 1061 2727 inre
1071 2680 1152 2737 debet;
1164 2691 1187 2727 et
1198 2680 1285 2739 contri,
1297 2682 1424 2741 planetam
1432 2680 1511 2729 medio

237 2742 371 2791 cubicorum
382 2743 500 2804 dignitatis
510 2742 790 2804 quintaedistantiarume
804 2757 857 2789 cen-
893 2744 993 2793 densiori
1011 2743 1112 2803 primum
1128 2743 1260 2801 collocatus,
1281 2747 1312 2791 ad
1334 2750 1440 2792 centrum
1468 2760 1512 2805 per

237 2816 288 2866 tro;
306 2821 386 2854 earum
402 2804 456 2854 verd
471 2806 609 2854 celeritatem
620 2808 663 2853 sub
679 2816 793 2869 aequutore
809 2821 859 2854 esse
892 2808 1000 2870 spiralem
1010 2808 1097 2854 lineam
1107 2806 1218 2868 perpetui
1229 2808 1352 2863 accederet,
1364 2809 1428 2872 quod
1437 2808 1511 2856 medii

219 2913 221 2918 .
236 2870 353 2931 reciproce
363 2872 389 2918 in
398 2871 486 2918 radone
501 2870 584 2918 radicis
599 2870 686 2918 cubicae
696 2871 800 2932 quadrati
811 2871 858 2916 dis-
892 2872 1004 2920 densioris
1014 2872 1088 2932 major
1097 2886 1147 2918 esse
1156 2872 1238 2919 debeat
1248 2873 1281 2919 vis
1291 2874 1421 2935 centrifuga
1438 2874 1509 2936 quim

237 2935 482 2983 nannumacentro.
519 2934 544 2982 si
554 2935 579 2980 in
589 2935 710 2997 hypothesi
727 2933 859 2982 Bemoullii
892 2937 992 2998 planetas
1001 2936 1098 2982 rarioris.
1133 2933 1272 2984 Simcdium
1288 2951 1357 2998 grave
1372 2939 1402 2982 sit
1419 2938 1510 2984 incen-

237 2998 370 3062 uegligatur
387 2998 420 3044 vis
438 2997 513 3052 vectis,
531 2999 613 3046 eodem
632 2998 722 3045 calculo
738 3013 784 3060 quo
801 3013 858 3044 usus
888 3006 951 3044 trum
962 2999 1060 3055 vorticis,
1076 2998 1193 3060 ipsiusque
1203 3000 1311 3054 densitas,
1328 2999 1514 3046 decrescentibus

237 3071 278 3118 est,
290 3071 393 3122 tempora
403 3062 517 3121 periodica
523 3061 674 3109 inveniuntur
680 3061 858 3121 proportionalia
888 3061 1002 3108 dbtantiis
1011 3077 1026 3108 a
1035 3071 1122 3118 centro,
1134 3071 1226 3118 creseat,
1238 3061 1334 3109 coelesn's
1344 3062 1513 3108 materiaeden-

236 3125 445 3174 redicrbuscubicis
451 3125 568 3187 dignitatis
576 3136 665 3189 quartae
675 3125 836 3172 distantiarum
843 3141 858 3172 a
888 3125 951 3182 sitas,
967 3127 998 3172 ob
1008 3140 1101 3187 param
1113 3126 1238 3173 orbitarum
1248 3141 1306 3188 quas
1315 3125 1413 3185 planetae
1424 3125 1512 3172 descri-

237 3199 331 3247 eentro;
343 3190 362 3234 si
370 3186 424 3236 veni
431 3204 588 3250 supponamus
596 3189 755 3249 impressiones
766 3189 858 3235 orbium
888 3191 954 3246 bunt,
981 3189 1182 3245 excentrieitatem,
1210 3189 1305 3250 aqualis
1325 3189 1412 3236 esuriri
1432 3198 1512 3249 potest

237 3253 263 3300 in
275 3269 299 3300 se
309 3253 392 3300 mutui
403 3253 480 3310 factas,
497 3269 546 3300 ease
556 3254 581 3300 in
591 3253 680 3300 ratione
692 3249 818 3312 compositi
828 3267 858 3298 ex
888 3252 996 3299 densitati
1012 3252 1126 3314 cujusque
1144 3254 1244 3314 planetae
1259 3253 1315 3300 huic
1329 3254 1434 3299 materiae
1441 3252 1511 3300 inna-

236 3316 325 3364 ratione
335 3316 486 3377 pressionum,
498 3317 586 3364 radone
596 3317 743 3364 velocitatem
754 3315 859 3362 relativa·
889 3317 973 3374 tantis3
991 3324 1061 3377 atque
1075 3314 1134 3363 adeo
1143 3317 1245 3364 densitas
1255 3317 1351 3363 coelestis
1361 3316 1463 3362 materiae
1478 3317 1509 3363 ad

236 3395 291 3426 rum
301 3389 325 3426 et
335 3380 422 3427 ratione
432 3381 612 3440 superficierum,
629 3389 733 3440 tempora
742 3379 859 3440 periodica
889 3377 1021 3426 distantium
1033 3381 1126 3426 Saturni
1136 3379 1231 3443 oeqrralis
1241 3381 1285 3427 erit
1291 3379 1399 3427 densitati
1407 3380 1509 3437 Saturni,

239 3443 407 3492 Bemoulliano
422 3443 511 3491 calculo
526 3445 676 3491 inveniuntur
685 3443 858 3506 quadratisdis-
888 3443 920 3490 ad
937 3442 1069 3490 distantiam
1083 3443 1156 3500 Jovis,
1175 3444 1267 3501 Martis,
1287 3445 1330 3490 &c
1354 3443 1449 3506 aequalis
1465 3443 1510 3490 erit

203 3527 209 3540 ·
236 3507 361 3554 mnarum
370 3507 554 3568 proportionalia,
562 3509 595 3554 uti
607 3509 735 3554 Newtonus
742 3522 783 3568 per
791 3521 858 3554 suam
889 3506 996 3554 densitati
1007 3508 1089 3552 horum
1100 3506 1252 3566 planetarum,
1268 3515 1292 3552 et
1302 3520 1384 3553 omnes
1393 3507 1440 3552 illae
1450 3506 1508 3552 derr-

236 3570 381 3632 bypothesim
397 3571 530 3629 invenerat;
550 3580 573 3617 et
583 3571 603 3616 si
613 3585 668 3616 cum
686 3571 722 3618 his
737 3567 809 3618 tribus
819 3586 856 3616 ra·
888 3569 966 3618 simtes
986 3579 1054 3616 eruut
1070 3569 1131 3616 inter
1148 3585 1174 3617 se
1190 3570 1216 3617 in
1237 3570 1326 3617 ratione
1347 3569 1509 3630 subduplicsti

236 3635 338 3682 tionibus
354 3644 504 3693 componatur
519 3635 578 3681 ratio
588 3633 724 3681 distantius
734 3643 812 3680 centro
828 3643 856 3680 ut
887 3632 1068 3680 dismanaruma
1077 3633 1131 3680 Sole
1138 3631 1260 3693 reciproce.
1289 3634 1313 3680 Si
1321 3635 1397 3694 itaque
1406 3633 1508 3680 Telluris

237 3699 271 3744 vis
286 3699 356 3746 vectis
372 3698 520 3757 exprimatur,
539 3707 642 3758 tempore
660 3697 775 3758 periodica
790 3711 856 3756 repe·
886 3695 986 3743 deantes
1001 3697 1124 3742 mediocris
1138 3707 1282 3758 supponatur
1296 3698 1390 3760 aequalis
1400 3697 1507 3744 densitati

237 3763 330 3810 riuutur
345 3762 523 3822 proportionalia
533 3761 647 3808 radicibus
657 3761 744 3808 cubicis
754 3760 854 3822 dignita·
886 3775 960 3822 aquae,
978 3759 1074 3806 materia
1084 3761 1181 3807 caelatis
1189 3761 1251 3809 inter
1263 3761 1341 3809 Solem
1351 3770 1375 3809 et
1386 3761 1507 3808 Tellurem

237 3827 266 3874 tis
283 3827 385 3885 septime
406 3825 567 3872 distantiarum
584 3841 599 3872 a
613 3834 699 3878 centro.
735 3825 783 3872 Hie
802 3823 857 3872 verd
887 3824 1012 3870 constituta
1027 3823 1089 3886 aqui
1103 3823 1195 3872 densior
1209 3825 1253 3873 erit
1263 3834 1418 3884 etcorporum
1432 3824 1506 3871 motui

237 3889 350 3952 analogiae
369 3889 565 3952 omneseregulit
584 3887 624 3934 int
644 3888 793 3950 Kepleriansi,
809 3886 858 3951 qui
887 3886 989 3934 maxime
1003 3888 1098 3935 resistet
1135 3889 1181 3936 Sed
1196 3899 1223 3936 ut
1239 3904 1268 3936 ex
1283 3898 1425 3934 cometarum
1436 3887 1507 3934 moti-

237 3963 342 4014 tempora
352 3952 467 4016 periodica
477 3961 610 4000 statuuntur
620 3969 669 4000 esse
679 3954 704 3999 iu
715 3953 802 4000 ratione
809 3968 855 4000 ses·
888 3953 939 4008 bus,
961 3951 1057 4014 aliisque
1077 3953 1273 4000 observationibus
1293 3960 1389 4009 constat,
1410 3951 1508 3999 metens

237 4017 362 4079 quiplicata
377 4016 544 4075 distantiarum,
567 4016 714 4064 dissentiunt.
750 4017 785 4064 Ut
800 4013 856 4080 ergd
887 4015 984 4063 coelestis
991 4016 1050 4063 inter
1060 4017 1137 4063 Solem
1146 4015 1295 4067 etTellurem
1303 4015 1507 4076 motuicorponrm

236 4080 578 4144 vorticissphaeric'ilegescum
591 4079 856 4140 Keplerisancitiscon·
887 4077 985 4126 minime
994 4080 1085 4127 resistit.
1121 4080 1185 4127 Nam
1200 4090 1342 4128 cometarum
1357 4089 1436 4127 motus
1450 4087 1509 4127 sunt

236 4143 299 4192 ciust
316 4143 473 4202 Bernoullius,
491 4144 600 4204 supponit
615 4142 751 4192 densitatem
767 4143 857 4191 vorticis
888 4142 979 4190 summe
989 4142 1113 4206 regulares,
1129 4152 1153 4190 et
1163 4145 1255 4191 easdem
1265 4144 1328 4206 leges
1338 4158 1392 4190 cum
1402 4143 1507 4203 planeta-

189 4205 191 4209 ’
236 4223 285 4254 esse
296 4208 321 4254 in
331 4209 419 4255 radone
430 4207 591 4268 subduplicatd
601 4207 715 4255 distantia
731 4216 810 4256 centro
820 4223 857 4254 re·
887 4221 941 4252 rum
951 4208 1052 4254 motibus
1061 4208 1188 4263 observant,
1200 4219 1224 4255 et
1234 4209 1259 4254 in
1268 4223 1349 4254 omnes
1359 4207 1411 4254 coeli
1426 4206 1507 4269 plagas

237 4270 332 4330 ciproce,
350 4273 454 4332 planetas
465 4271 518 4318 verb
528 4287 577 4318 non
587 4287 636 4318 esse
646 4271 749 4335 ejusdem
764 4287 857 4331 prorsus
888 4269 1003 4317 liberrime
1018 4270 1132 4335 feruntur,
1149 4279 1218 4333 atque
1233 4271 1263 4341 ad
1281 4271 1359 4320 Solem
1375 4287 1448 4335 usque
1458 4269 1508 4319 rere

237 4334 356 4380 densitatis
366 4351 420 4382 cum
431 4336 509 4382 medio
519 4336 592 4382 fluido
602 4337 627 4382 in
637 4351 684 4397 quo
695 4335 797 4396 primbm
808 4334 857 4382 col·
888 4342 1010 4395 penetmnt
1019 4335 1212 4382 sine'resistentii.

236 4395 859 4464 locatisunt,ideoqueobmajoremvelminoremsuasu
922 4397 957 4462 (¹¹)
970 4401 983 4429 ¹*
995 4401 1270 4460 Jammagiseonaiitnr.
1304 4399 1369 4446 Nam
1379 4397 1507 4446 viscentri·

236 4461 373 4510 densitatem
383 4465 407 4509 in
418 4479 447 4510 eo
457 4464 533 4510 medio
543 4463 668 4510 successivd
685 4463 822 4511 descendere
834 4472 858 4509 et
887 4460 945 4524 fuga
954 4463 1046 4518 motrix,
1058 4463 1145 4510 caeteris
1155 4465 1256 4523 paribus,
1267 4474 1366 4526 augetur
1376 4460 1507 4510 velminui-

236 4525 367 4584 ascendere,
391 4526 535 4575 intereadirm
559 4527 663 4574 circulari
685 4536 750 4574 motu
767 4525 858 4582 vorticis
889 4534 928 4572 tur
937 4526 962 4571 in
973 4527 1061 4572 ratione
1076 4528 1209 4588 quantitatis
1224 4530 1325 4574 materiae
1343 4530 1395 4590 (per
1412 4527 1467 4574 Der.
1481 4531 1505 4571 8.

236 4589 388 4649 abripiuntur,
405 4606 433 4636 er
444 4593 527 4652 quibus
538 4591 638 4638 motibus
648 4591 719 4638 simul
729 4588 860 4650 compositis
891 4589 943 4636 Lib
956 4586 991 4650 l.)
1003 4591 1136 4637 etmaterioe
1147 4591 1269 4654 quantitas,
1287 4591 1341 4638 dato
1356 4592 1507 4652 corporisve-

236 4662 366 4700 nascuntur
396 4653 503 4712 ellipticae
523 4653 667 4714 planetarum
687 4655 819 4718 trajectoriae
836 4663 860 4700 et
890 4652 987 4712 lumine,
1004 4664 1103 4715 augetur
1112 4656 1149 4704 vel
1158 4656 1272 4705 minuitur
1286 4655 1415 4703 iuratione
1430 4653 1507 4702 densi·

236 4718 382 4778 apheliorum
400 4717 519 4765 lentissimi
528 4729 612 4766 motus.
633 4718 679 4766 Sed
687 4719 791 4766 medium
799 4718 859 4768 illud
890 4717 1051 4783 tans(2.1ib
1067 4718 1103 4781 1.)
