3275 5650
110 414 398 493 LissnSscuno.]
431 413 669 479 PRINCIPIA
693 411 1061 480 MATHEMATICA.
1331 427 1392 484 135

110 587 167 665 Sin
189 606 304 669 eorpus
320 606 338 647 a
352 584 383 647 vi
397 582 449 647 ills
471 594 619 671 urgeatur
639 583 745 661 levius,
770 582 944 647 differentia
965 582 1078 647 virium
1099 603 1159 667 pro
1173 584 1203 647 vi
1218 585 1390 673 centrisugia

107 693 214 757 haberi
230 692 334 755 debet.

149 805 251 866 Corol.
268 810 298 865 9.
345 798 427 863 Crim
442 812 545 863 autem
569 801 665 865 fluida
685 801 857 885 premendo
882 822 1014 885 corpora
1035 801 1155 865 inclusa
1176 824 1240 865 non
1270 814 1391 867 mutent

105 929 215 973 eorum
239 907 356 993 figuras
382 917 535 983 externas,
565 919 652 991 putet
677 908 804 991 insuper
828 911 898 991 (per
922 897 1130 971 corollarium
1157 908 1256 992 Prop.
1277 908 1390 988 XIX.)

104 1014 189 1100 quod
204 1032 271 1075 non
285 1012 449 1075 mutabunt
471 1012 563 1075 situm
584 1014 720 1097 partium
741 1014 933 1077 internarum
955 1014 1035 1078 inter
1057 1038 1090 1079 se
1100 1039 1115 1079 ι.
1134 1017 1337 1102 proindeque,
1361 1021 1389 1081 si

7 1182 12 1204 ,¹
102 1122 251 1187 animalia
269 1121 501 1207 immergantur,
529 1134 562 1186 et
582 1123 716 1186 sensatio
737 1122 841 1185 omnis
860 1147 879 1186 a
900 1135 987 1187 motu
1007 1125 1145 1209 partium
1166 1126 1300 1202 oriatur3
1326 1149 1385 1189 nec

100 1233 221 1296 laedent
236 1254 368 1315 corpora
381 1232 535 1313 immersa,
551 1253 610 1296 nec
625 1233 830 1296 sensationem
844 1232 940 1295 ullam
954 1234 1144 1311 excitabunt,
1160 1234 1220 1298 nisi
1234 1234 1386 1320 quitenus

101 1342 171 1403 haec
186 1360 321 1424 corpora
335 1362 354 1401 a
369 1338 596 1422 compressione
618 1338 802 1402 condensari
815 1352 954 1421 possunt.
1001 1340 1045 1403 Et
1057 1362 1120 1423 par
1130 1353 1177 1404 est
1190 1341 1269 1405 ratio
1284 1343 1385 1425 cujus·

101 1468 227 1532 cunque
243 1467 410 1529 corporum
425 1446 599 1531 systematis
613 1444 710 1508 fluido
732 1444 956 1528 comprimente
977 1446 1158 1509 circundati.
1205 1448 1385 1532 Systematis

100 1568 205 1639 partes
221 1576 329 1617 omnes
343 1552 454 1615 iisdem
468 1551 667 1639 agitabuntur
688 1551 835 1631 motibus,
858 1574 895 1613 oc
909 1551 982 1613 siin
997 1573 1094 1616 vacuo
1116 1552 1383 1631 constituerentur,

101 1684 136 1724 ac
151 1660 252 1723 solam
265 1660 435 1723 retinerent
448 1658 631 1745 gravitatem
646 1680 733 1723 suam
749 1659 999 1741 comparativam,
1014 1659 1075 1722 nisi
1086 1659 1238 1744 quitenus
1252 1663 1383 1725 fluidum

100 1768 148 1831 vei
162 1767 301 1829 motibus
316 1786 422 1829 earum
437 1763 579 1829 nonnihil
599 1764 729 1841 resistat,
751 1764 857 1829 velud
871 1764 996 1828 easdem
1011 1767 1239 1850 compressione
1253 1769 1384 1856 conglu-

104 1874 249 1939 tinandae
264 1872 450 1959 requiretur.

324 2095 606 2161 PROPOSITIO
629 2094 727 2159 XXI.
772 2093 1042 2159 THEOREMA
1069 2094 1162 2160 XVI.
1209 2146 1213 2165 ι

98 2279 251 2363 Sitflnidi
272 2276 421 2359 cujusdam
442 2277 573 2339 densitas
594 2275 801 2355 compressioni
816 2268 1066 2353 proportionalis,
1084 2281 1114 2333 et
1122 2279 1228 2353 partes
1242 2270 1301 2352 ejus
1316 2294 1336 2333 o
1350 2275 1382 2335 ui

138 2385 310 2467 centrzpetd
325 2386 478 2448 distantiis
492 2386 552 2447 suis
566 2406 587 2445 a
601 2393 701 2445 centro
708 2379 857 2463 reciproci
864 2383 1091 2462 proportionali
1106 2384 1239 2443 deorsum
1254 2383 1381 2443 trahan-

136 2505 212 2556 tur.-
237 2496 305 2555 dico
318 2495 406 2575 qnod,
428 2494 456 2555 si
471 2492 624 2554 distantia
640 2492 701 2551 illae
715 2497 869 2551 sumantur
883 2484 1021 2549 continue*
1033 2489 1285 2567 proportionales,
1309 2490 1380 2549 den-

136 2603 349 2687 sitatesflnidi
364 2602 397 2663 in
411 2601 514 2663 iisdem
529 2598 683 2660 distantiis
697 2604 784 2657 nunt
798 2594 888 2656 etiarn
903 2588 1040 2655 continui
1047 2593 1299 2673 proportionales.

137 2796 299 2883 Designet
310 2795 341 2859 A
351 2792 561 2859 TVfundum
572 2791 756 2876 sphaericum
766 2792 817 2856 cui
824 2790 952 2853 fluidum

94 2905 260 2980 incumbit,
279 2905 302 2968 S
317 2915 467 2979 centrum,
486 2903 508 2966 S
524 2903 564 2978 A,
585 2902 607 2964 S
624 2902 662 2979 B,
681 2903 703 2965 S
720 2901 757 2976 C,
776 2901 855 2976 SD,
873 2902 896 2964 S
912 2899 953 2973 E,

97 3014 118 3075 S
146 3013 187 3088 F,
226 3014 285 3076 &o
322 3011 481 3074 distantias
517 3007 663 3086 continu&
693 3003 950 3090 proportionales.

96 3117 275 3202 Erigantur
298 3115 518 3201 perpendicula
540 3115 570 3178 A
589 3115 634 3190 Η,
660 3114 688 3179 Β
707 3114 734 3191 I,
760 3114 787 3177 C
805 3113 847 3190 K,
864 3113 896 3174 D
914 3112 953 3188 L,

95 3223 194 3300 EM,
213 3223 242 3287 F
258 3224 301 3300 N,
324 3226 380 3288 &c
404 3245 473 3309 quae
489 3223 550 3286 sint
564 3234 599 3285 ut
614 3220 780 3282 densitates
805 3217 900 3280 medii
921 3218 955 3279 in

95 3331 172 3395 iocis
190 3333 233 3408 A,
253 3332 291 3409 B,
310 3331 347 3408 C,
363 3331 407 3407 D,
425 3331 463 3407 E,
481 3330 524 3405 F3
548 3330 587 3413 (Β)
605 3341 636 3392 et
651 3327 804 3412 specificae
818 3326 953 3413 gravita-

92 3435 649 3560 tesiniisdemlociseruntutffi,
684 3435 745 3498 ΒῙ
786 3433 863 3498 CK
895 3473 943 3535 &o

565 3537 632 3601 As
682 3518 756 3600 ir‘s’
790 3517 874 3601 e‘a’
944 3518 953 3534 '

637 3643 667 3704 A
681 3641 717 3704 H
761 3641 789 3703 B
813 3641 830 3705 Ι
871 3640 948 3704 CK

636 3724 728 3806 aa
759 3724 842 3807 ‘B‘C'
870 3723 958 3806 'C'D’

88 3863 151 3925 &a
204 3859 305 3945 Finge
327 3856 464 3942 primum
489 3856 546 3920 has
570 3853 736 3942 gravitates
760 3850 956 3915 uniformiter
1042 3937 1045 3943 1

85 3967 274 4031 continuari
289 3965 328 4028 ab
351 3966 382 4028 A
402 3964 443 4027 ad
461 3963 500 4040 B,
517 3961 635 4026 aBad
652 3961 690 4038 C,
706 3981 725 4022 a
741 3957 876 4035 CadD,
892 3959 949 4022 &o

83 4075 185 4139 factis
195 4095 254 4157 per
264 4071 380 4159 gradus
392 4071 596 4136 decrementis
611 4069 644 4132 in
658 4065 783 4152 punctis
800 4066 839 4142 B,
855 4065 893 4140 C,
905 4064 950 4141 D,
1035 4062 1064 4110 Τ

90 3685 132 3772 (¹²)
156 3688 222 3764 vel,
247 3686 332 3772 quod
354 3683 484 3770 perinde
499 3696 555 3761 est,
579 3695 614 3746 ut

119 4249 232 4315 (¹)174.
254 4249 288 4296 Et
303 4249 411 4312 rprnflcoe
423 4250 550 4308 puritates,
566 4248 609 4293 &c
646 4245 726 4294 Fluidi
756 4242 786 4293 tis
804 4245 952 4292 accelerstrix
967 4249 1124 4309 conjunctim
1141 4251 1259 4311 quatitur
1266 4253 1380 4306 remma.

79 4315 153 4363 enim
173 4313 247 4373 cujus
264 4311 363 4372 singulae
379 4311 496 4370 particula
514 4311 536 4358 ri
552 4309 670 4372 gravitatis
685 4324 724 4356 ur·
756 4309 820 4356 teria
833 4313 866 4372 (2.
880 4309 933 4356 Lib.
944 4309 1058 4370 I.)estut
1069 4312 1169 4360 domitas
1179 4324 1202 4362 et
1210 4316 1319 4366 volumen
1326 4335 1382 4368 con.

77 4387 180 4442 geratur
198 4374 301 4438 gravitas
319 4374 426 4434 specifica
443 4385 476 4420 est
495 4384 521 4421 ut
537 4374 637 4420 densitas
653 4384 676 4420 et
691 4373 725 4419 vis
754 4373 863 4435 junctim.
901 4373 988 4430 Queri,
999 4376 1128 4437 conjunctis
1139 4379 1175 4426 his
1184 4380 1382 4447 rationibuggm.

78 4439 215 4506 gadraus
239 4439 387 4484 accelerstrix
408 4437 560 4500 conjunctim.
596 4437 641 4483 Est
661 4437 725 4483 enim
757 4436 816 4483 vitas
837 4437 943 4496 specifica
959 4449 994 4486 est
1009 4448 1039 4484 ut
1058 4438 1158 4488 densim
1174 4452 1198 4490 et
1214 4444 1247 4491 vis
1262 4449 1381 4510 gravitatis

127 4506 196 4551 vitas
215 4501 325 4561 specifica
340 4511 368 4548 ut
383 4501 475 4560 pondus
485 4500 570 4548 directi
581 4510 605 4546 et
615 4500 724 4546 volumen
757 4500 902 4546 acceleranix
914 4503 1063 4563 conjunctim.
1101 4505 1132 4559 Q,
1145 4523 1165 4552 e.
1179 4507 1202 4553 d.

78 4567 182 4616 invase
197 4563 287 4630 (170);
310 4564 350 4611 sed
369 4564 460 4624 pondus
480 4567 531 4628 (per
549 4563 628 4611 Defin.
643 4563 721 4610 vill.
790 4565 827 4627 (¹¹)
845 4568 858 4594 *
880 4567 920 4612 Vel
941 4569 1005 4628 'quod
1018 4569 1115 4628 perinde
1131 4580 1171 4624 at,
1190 4582 1223 4624 m,
1241 4575 1283 4622 &a
1317 4575 1379 4622 epm

80 4633 132 4681 Lib
154 4630 199 4692 1.)
217 4635 257 4676 est
267 4638 294 4675 ut
304 4629 420 4690 quantitas
434 4629 537 4675 materiae
548 4638 571 4675 et
582 4627 615 4672 vis
625 4627 724 4690 gravita-
756 4627 819 4676 enim
833 4631 885 4692 (per
896 4627 977 4691 Hyp.)
987 4629 1101 4682 distantiis
1114 4634 1131 4682 s
1138 4638 1168 4691 A,
1182 4638 1236 4693 sn,
1251 4639 1305 4696 sc,
1319 4639 1336 4686 s
1346 4640 1371 4686 ῃ
