3275 5650
88 476 203 541 Lmen
214 474 379 555 Securo]
410 474 650 541 PRINCIPIA
674 474 1043 542 MATHEMATICA.
1299 486 1361 545 255

88 644 182 731 qutim
203 645 306 731 figura
327 644 458 729 cylindri
479 645 586 710 eidem
611 646 761 711 diametro
785 647 940 732 descripti.
986 648 1027 713 lu
1050 648 1185 713 motibus
1206 648 1362 712 velocibus

88 752 260 815 resistentia
274 762 378 836 potest
392 774 458 817 esse
471 751 566 835 paulb
580 754 688 837 major,
709 766 872 839 propterea
887 754 971 839 quod
985 754 1147 819 elasticitas
1162 766 1194 819 et
1207 771 1362 838 compres-

87 863 133 927 sio
146 862 235 925 fluidi
261 864 300 947 (¹¹)
315 884 379 926 non
401 874 571 949 augeantur
588 864 621 927 in
641 864 795 948 duplicati
817 864 936 929 ratione
957 864 1135 931 velocitatis.
1153 866 1156 873 '
1180 863 1244 929 Sed
1257 863 1363 949 hujus-

88 970 173 1035 modi
188 971 334 1033 minutias
348 970 401 1033 hic
415 992 479 1033 non
494 971 648 1054 expendo.
861 966 864 971 ¹

129 1078 174 1141 Et
188 1076 327 1163 quamvis
343 1080 404 1153 aer,
421 1099 510 1163 aqua,
527 1089 689 1163 argentum
702 1077 806 1141 rivum
821 1089 853 1141 et
866 1077 978 1143 similia
991 1078 1095 1154 fluida,
1110 1099 1168 1162 per
1181 1076 1363 1141 divisionem

56 1184 59 1191 '
84 1185 221 1267 partium
235 1184 269 1246 in
283 1182 447 1259 infinitum,
463 1182 694 1247 subtiliarentur
708 1194 739 1247 et
749 1184 860 1247 fierent
874 1184 976 1247 media
989 1183 1108 1248 infinite
1122 1183 1235 1258 fluida3
1257 1194 1363 1244 tamen

83 1289 187 1377 globis
201 1290 347 1373 projectis
360 1287 446 1353 haud
460 1288 563 1353 miuus
577 1289 763 1353 resisterent
810 1289 894 1353 Nam
915 1289 1095 1366 resistentia,
1119 1289 1160 1353 de
1180 1287 1240 1374 qui
1260 1288 1363 1374 agitur

84 1399 117 1461 in
140 1399 409 1483 Propositionibus
430 1398 689 1484 praecedentibus,
715 1399 814 1461 oritur
834 1399 873 1462 ab
892 1398 1003 1461 inertie
1022 1398 1178 1472 materiae3
1200 1409 1233 1461 et
1251 1396 1363 1459 inertia

84 1508 224 1573 materiae
245 1508 426 1593 corporibus
445 1506 614 1571 essentialis
628 1518 675 1571 est
696 1518 727 1571 et
749 1506 911 1593 quantitati
931 1506 1068 1570 materie
1090 1526 1212 1588 semper
1231 1525 1362 1589 propor-

84 1604 218 1677 tionalis.
264 1614 326 1678 Per
340 1612 523 1679 divisionem
536 1612 672 1699 partium
686 1612 783 1688 fluidi,
799 1612 973 1677 resistentia
982 1633 1053 1697 quae
1065 1611 1162 1675 oritur
1173 1610 1362 1673 atenacitate

84 1733 117 1785 et
130 1720 273 1791 frictione
294 1722 430 1805 partium
452 1721 583 1787 diminui
604 1721 729 1807 quidem
750 1732 870 1805 potest:
896 1721 951 1785 sed
975 1721 1128 1807 quantitas
1148 1719 1286 1783 materiae
1306 1738 1363 1801 per

84 1826 269 1891 divisionem
289 1829 424 1911 partium
437 1828 504 1913 ejus
519 1849 584 1891 non
598 1826 797 1901 diminuitur3
820 1839 851 1891 et
865 1841 1008 1891 manente
1030 1826 1200 1913 quantitate
1214 1824 1361 1899 materiae,

84 1944 191 1997 manet
204 1934 271 2017 ejus
285 1934 332 2021 ris
346 1933 475 2010 inertiae,
498 1934 548 1997 cui
562 1932 744 2007 resistentia,
761 1932 800 1995 de
815 1930 876 2018 qud
890 1932 941 1995 bic
955 1932 1066 2018 agitur,
1090 1952 1211 2014 semper
1230 1950 1362 2013 propor-

84 2044 208 2109 tionalis
224 2057 280 2109 est.
325 2044 372 2109 Ut
385 2045 454 2109 haec
468 2044 641 2109 resistentia
655 2042 856 2119 diminuatur,
872 2040 1004 2132 diminui
1018 2040 1112 2105 debet
1126 2038 1282 2125 quantitas
1296 2058 1362 2099 ma·

83 2152 171 2215 terias
185 2152 217 2213 in
234 2150 339 2235 spatiis
352 2173 410 2237 per
426 2172 495 2237 quae
510 2173 642 2235 corpora
655 2160 828 2215 moventur.
865 2150 909 2214 Et
921 2162 1088 2234 propterea
1101 2149 1201 2232 spatia
1214 2146 1361 2222 ooelesua,

82 2278 142 2341 per
156 2278 229 2342 quae
243 2257 329 2343 globi
342 2257 537 2341 planetarum
552 2268 584 2321 et
597 2269 787 2321 cometarum
801 2256 835 2319 iu
843 2276 958 2323 *omnes
967 2267 1072 2340 partes
1082 2253 1238 2319 liberrime
1253 2264 1285 2317 et
1298 2252 1364 2320 siue

85 2362 171 2425 omni
196 2375 302 2427 motus
326 2362 532 2426 diminutione
553 2361 690 2427 sensibili
703 2372 855 2445 perpetuo
875 2373 1049 2438 moventur,
1073 2360 1171 2425 fluido
1189 2360 1275 2423 omui
1295 2379 1364 2421 cor-

84 2490 186 2553 poreo
200 2469 419 2547 destituuntur,
435 2470 462 2533 si
474 2468 697 2553 forte’vapores
710 2466 804 2553 longe
814 2466 1009 2535 tenuissimos
1022 2478 1055 2531 et
1067 2468 1212 2551 trajectos
1224 2464 1301 2529 lucis
1314 2485 1365 2526 ra·

83 2573 153 2637 dios
169 2574 319 2659 excipias.
555 2632 561 2643 .

127 2680 307 2767 Projectilia
326 2682 433 2768 utique
455 2693 575 2755 motum
596 2682 678 2747 cient
698 2681 731 2744 in
751 2681 854 2745 fluidis
874 2678 1113 2769 progrediendo,
1138 2688 1170 2741 et
1189 2676 1241 2739 bic
1261 2686 1363 2739 motus
1440 2692 1444 2699 ‘

84 2789 185 2854 oritur
200 2790 239 2854 ab
254 2811 381 2856 excessu
394 2790 563 2875 pressionis
572 2789 666 2854 'fluidi
680 2790 721 2855 ed
735 2788 903 2874 projectilis
917 2800 1021 2873 partes
1036 2787 1153 2852 anticas
1168 2805 1263 2869 supra
1276 2804 1364 2881 pres·

85 2897 205 2960 sionem
220 2896 262 2960 ad
277 2898 341 2982 ejus
354 2911 458 2983 partes
472 2902 615 2986 posticas,
636 2914 668 2968 et
682 2925 746 2966 non
760 2903 862 2966 minor
876 2924 944 2966 esse
957 2913 1060 2985 potest
1072 2897 1229 2965 inmediis
1243 2895 1365 2965 infinite

82 3001 189 3065 fluidis
204 3023 296 3087 quam
312 3003 344 3066 in
359 3007 440 3081 abre,
457 3005 536 3091 aqud
546 3019 577 3070 et
591 3020 721 3094 argento
734 3008 804 3070 vivo
819 3028 879 3090 pro
892 3006 1043 3094 densitate
1057 3004 1196 3069 materiae
1210 3003 1244 3065 iu
1256 3001 1363 3086 siugu-

82 3106 134 3170 lis.
158 3107 227 3171 Hic
236 3119 341 3172 autem
349 3110 517 3194 pressionis
528 3133 682 3190 excessus,
697 3135 756 3197 pro
772 3113 941 3198 quantitate
955 3112 1021 3188 suri,
1033 3134 1098 3177 uon
1111 3121 1232 3174 tantum
1244 3117 1366 3170 motum

84 3212 147 3276 ciet
159 3211 195 3274 in
209 3211 316 3290 fluido,
333 3214 370 3296 (⁰)
386 3215 441 3278 sed
456 3216 548 3280 etiam
562 3218 626 3304 agit
639 3218 673 3280 in
686 3217 846 3302 projectile
860 3217 900 3280 ad
915 3228 1034 3293 motum
1048 3217 1113 3301 ejus
1127 3210 1364 3278 retardandumz

84 3332 116 3385 et
126 3333 296 3405 propterea
309 3325 522 3389 resistentiam
533 3327 618 3390 omni
628 3327 726 3390 fluido
739 3339 787 3390 est
800 3339 836 3389 ut
849 3338 951 3388 motus
962 3327 995 3388 in
1004 3325 1102 3388 fluido
1112 3347 1132 3387 a
1145 3320 1298 3406 projectili
1308 3342 1365 3415 ex7

85 3431 210 3508 citatus,
225 3453 283 3526 nec
298 3433 400 3496 minor
413 3456 480 3498 esse
493 3448 595 3519 potest
605 3436 638 3500 in
652 3435 766 3500 aetberc
781 3435 979 3498 subtilissimo
990 3456 1051 3519 pro
1065 3434 1217 3498 densitate
1230 3429 1364 3507 retheris,

85 3558 183 3624 quam
196 3537 230 3600 in
243 3543 324 3618 aere,
340 3539 419 3640 aquei
434 3555 465 3606 et
479 3556 608 3630 argento
621 3525 692 3607 vivo
705 3565 763 3626 pro
778 3545 982 3608 densitatibus
995 3545 1109 3608 horum
1121 3542 1300 3606 fluidorum.
1328 3558 1332 3566 ’
1350 3592 1355 3603 .

88 3707 142 3757 Lib.
153 3709 191 3758 Π.
204 3719 226 3757 et
235 3710 413 3772 insequentibus
424 3713 621 3774 Propositionibus
629 3729 714 3776 suppo-
745 3717 846 3770 leuitatis,
862 3715 887 3761 in
898 3715 944 3776 quai
955 3724 1034 3762 tamen
1048 3713 1127 3775 sugeri
1144 3712 1259 3766 deberent,
1275 3707 1310 3755 uti
1325 3721 1366 3754 ex·

87 3775 161 3821 situm
177 3784 221 3830 est,
238 3774 302 3835 globi
313 3784 337 3821 et
347 3775 452 3834 cylindri,
468 3791 568 3838 qnorum
584 3778 665 3824 eadem
680 3787 715 3826 est
746 3779 846 3838 positum
856 3788 891 3824 est
901 3779 926 3824 in
937 3779 1095 3837 experimento
1108 3780 1143 3822 12.

87 3837 210 3894 diameter,
223 3837 334 3898 equalem
346 3851 394 3884 esse
404 3840 561 3892 resistentiam·
767 3842 808 3902 (⁰)
822 3844 835 3871 ⁴
848 3844 891 3888 neu
905 3844 973 3889 ctus
992 3843 1039 3902 aga
1055 3843 1081 3888 n
1093 3838 1216 3900 meru,
1233 3850 1274 3896 per
1288 3831 1365 3879 morus

120 3901 158 3965 (¹¹)
172 3905 185 3934 ⁸
200 3903 256 3950 Non
266 3911 396 3962 augeantur
406 3906 431 3952 in
442 3899 560 3965 duplieutri
575 3906 661 3954 ratim
676 3921 711 3954 ve.
744 3903 834 3966 Legem
845 3903 897 3951 ΙΙΙ,
