3275 5650
301 433 343 490 a
608 419 947 489 eustosorfflus
969 419 1240 486 neruosus
1303 381 1413 498 [noa.
1426 419 1569 486 conat

557 694 840 762 PROPOSITIO
862 694 921 760 VI·
966 694 1236 788 THEOREMA
1258 695 1317 760 IV.

301 873 436 953 Corpora
450 870 596 951 spherica
610 869 785 964 lornogenea
800 876 830 929 et
842 869 982 950 aqualia,
999 869 1174 932 resistentiis
1188 871 1222 932 in
1232 865 1388 952 duplicati
1398 872 1516 931 ratione
1525 889 1570 933 oe-

340 977 491 1038 locitatam
506 974 659 1054 impedita,
675 973 706 1036 et
717 975 787 1036 solis
801 973 916 1036 viribus
935 975 1036 1037 insitis
1056 976 1194 1051 incitata,
1221 975 1398 1055 temporibus
1419 997 1485 1058 qna
1505 985 1571 1039 sunt

340 1078 488 1164 reciproce*
502 1092 535 1144 at
549 1083 718 1146 velocitates
736 1081 790 1156 ¹soli
813 1083 913 1158 initio,
940 1083 1107 1146 describunt
1125 1106 1237 1167 semper
1258 1086 1390 1168 aqualia
1410 1087 1520 1167 spatia,
1542 1095 1571 1148 et
1612 1066 1616 1073 ³

339 1194 481 1255 amittant
488 1201 595 1274 partes
609 1193 794 1255 velocitatam
802 1193 1047 1273 proportionales
1057 1195 1136 1257 totis.
1270 1256 1274 1262 ,

339 1362 532 1449 Asymptotis
543 1362 730 1448 rectangulis
743 1360 770 1425 C
780 1361 824 1437 D,
839 1362 867 1425 C
877 1361 915 1425 H
966 1445 974 1460 Ι

171 1549 178 1572 ¹
295 1470 449 1554 descriptis
463 1469 635 1555 hyperbolis
650 1467 758 1552 quisvis
775 1468 838 1532 Bb
850 1469 879 1532 E
896 1491 915 1532 e

295 1590 418 1642 secante
448 1573 669 1660 perpendicula
706 1576 736 1638 A
762 1555 801 1651 Β,
832 1597 851 1638 a
879 1575 910 1652 b,

295 1685 331 1748 D
344 1685 383 1761 Ε,
399 1683 503 1760 de‚in
516 1684 555 1760 Β,
565 1683 596 1760 b,
611 1683 650 1758 E,
663 1701 690 1758 ε’,
707 1683 743 1766 (¹)
756 1703 914 1765 exponan-

182 1818 193 1850 κ
295 1802 347 1855 tur
362 1791 538 1855 velocitates
553 1791 685 1855 initiales
709 1813 767 1875 per
780 1813 915 1875 perpen-

294 1898 398 1964 dicula
423 1899 615 1976 AB‚DE,
645 1908 947 1982 attemponper·

293 2007 392 2071 lineas
415 2008 488 2084 Aa,
508 2005 588 2070 Dd.
633 2004 910 2091 EstergoutAa

294 2114 336 2177 ad
360 2115 395 2178 D
409 2114 431 2176 d
452 2114 496 2177 ita
522 2118 592 2197 (per
605 2111 804 2198 hypothesin)
832 2111 866 2175 D
881 2110 911 2174 E

294 2220 335 2284 ad
350 2221 382 2284 A
398 2220 437 2297 B,
454 2220 544 2284 etita
559 2219 594 2303 (²)
605 2223 658 2303 (ex
672 2217 783 2282 naturis
797 2217 911 2302 hyper·

292 2327 387 2408 bolae)
401 2328 429 2391 C
441 2329 472 2390 A
486 2325 527 2390 ad
538 2327 565 2389 C
575 2327 623 2401 D;
638 2338 670 2390 et
683 2326 909 2410 componendo,
969 2326 973 2332 ’

291 2435 336 2499 ita
367 2434 394 2500 C
420 2457 439 2498 a
464 2434 505 2496 ad
529 2433 558 2496 C
580 2433 612 2496 d.
656 2434 696 2516 (⁰)
720 2433 807 2520 Ergo
828 2456 909 2497 areae

292 2545 325 2608 A
341 2543 405 2608 Bb
419 2568 447 2622 a,
465 2547 499 2610 D
515 2547 544 2610 E
558 2569 576 2611 e
590 2546 622 2623 d,
642 2546 702 2608 hoc
718 2558 774 2622 est,
790 2547 895 2630 spatia,
904 2547 1059 2630 descripta
1072 2558 1235 2633 aquantur
1248 2548 1330 2611 inter
1344 2571 1387 2626 se,
1410 2561 1441 2612 et
1455 2552 1578 2616 veloci-

282 2653 488 2738 ¹tatesprimae
503 2656 535 2719 A
552 2655 591 2732 Β,
607 2653 641 2718 D
657 2653 686 2716 E
701 2664 775 2718 sunt
789 2655 903 2737 ultimis
917 2656 976 2732 ab,
992 2655 1053 2733 de,
1069 2668 1101 2720 et
1113 2669 1278 2741 propterea
1291 2657 1457 2721 dividendo
1472 2662 1578 2742 parti-

290 2761 349 2825 bus
365 2761 456 2829 etiam
472 2763 534 2829 suis
550 2760 668 2829 autissis
684 2763 714 2827 A
728 2761 809 2827 B-
823 2786 843 2827 a
856 2763 887 2841 b,
904 2762 938 2828 D
955 2763 983 2829 E
997 2799 1041 2814 -
1055 2765 1077 2828 d
1092 2788 1110 2830 e
1130 2767 1385 2850 proportionales.
1431 2767 1475 2846 Q.
1493 2791 1524 2833 e.
1542 2770 1577 2835 d.

452 3102 455 3107 .
542 3045 820 3141 PROPQSITIO
843 3047 919 3112 VII.
965 3048 1235 3113 THEOREMA
1256 3038 1297 3112 V.

293 3242 428 3322 Corpora
441 3243 588 3323 spherica
603 3244 708 3327 quidus
721 3246 870 3309 resistitur
885 3247 917 3307 in
932 3244 1086 3327 derplieata
1100 3249 1219 3310 ratione
1233 3248 1427 3323 velocitatam,
1455 3257 1579 3332 tempo-

331 3350 421 3426 ribus,
437 3371 502 3433 qna
516 3361 583 3413 sant
596 3361 630 3414 at
643 3360 736 3414 motas
743 3352 842 3432 primi
855 3348 965 3413 directi
979 3362 1008 3414 et
1020 3353 1196 3415 resistentia
1204 3353 1315 3433 pana
1328 3349 1453 3428 invasi,
1479 3357 1579 3417 amit·

332 3465 395 3517 tent
414 3466 520 3537 partes
543 3467 670 3519 motuum
690 3458 934 3538 proportionales
947 3458 1026 3533 totis,
1051 3468 1081 3521 et
1094 3460 1196 3539 spatia
1209 3458 1372 3522 describent
1386 3462 1580 3542 temporibus

332 3562 398 3624 istis
411 3571 440 3623 et
454 3562 656 3625 aebcitatibus
665 3563 774 3643 primis
788 3560 965 3645 conjunctim
972 3564 1228 3644 proportionalia.

333 3728 373 3811 (¹)
397 3728 540 3812 Namque
554 3739 696 3791 motuum
709 3738 813 3812 partes
828 3728 948 3790 amissoe
963 3738 1035 3791 sunt
1048 3739 1084 3791 ut
1097 3727 1277 3792 resistentia
1291 3740 1323 3792 et
1333 3738 1480 3811 tempora
1496 3754 1581 3797 con.

285 3839 426 3924 junctim.
471 3838 571 3925 Igitur
585 3849 621 3901 ut
633 3848 736 3921 partes
751 3836 812 3899 '111ae
828 3836 892 3900 siut
905 3837 977 3901 totis
991 3836 1247 3919 proportionales,
1271 3835 1396 3900 debebit
1417 3838 1582 3905 resisten-

289 3947 331 4009 tia
345 3958 376 4010 et
390 3957 511 4029 tempus
525 3943 714 4027 conjunctim
729 3964 796 4007 esse
816 3953 852 4006 ut
864 3954 976 4006 motta.
1023 3942 1159 4007 Proinde
1181 3955 1303 4026 tempus
1328 3942 1386 4005 erit
1400 3955 1436 4006 ut
1463 3963 1583 4015 motus

293 4157 356 4268 cf)
379 4162 393 4189 ”
405 4162 581 4269 ΙΕψοπαπιιινι·1
594 4160 715 4269 odoplaltles
729 4162 845 4268 hinitiales,
866 4162 909 4207 &o
941 4157 1025 4269 ipim
1034 4155 1427 4266 ssbnimnttsmfflburlidum
1437 4157 1523 4209 lineas
1533 4168 1583 4223 ab,

291 4236 563 4345 oeqtiiliilildispisiid’dlrdr,
580 4230 912 4334 ¹diuidi'tralatuiimciidseillmas’scii
940 4230 1131 4345 hffifflp
1142 4229 1436 4339 BiduilxlrlEadtsmpm
1453 4239 1501 4284 W
1512 4243 1587 4279 m

290 4356 388 4406 possunt
404 4356 513 4410 tanquam
529 4360 607 4399 mottrs
617 4349 688 4396 unius
698 4349 847 4413 ejusdemque
857 4364 908 4396 cor-
973 4348 1005 4412 (t)
1023 4351 1036 4379 ⁶
1055 4345 1326 4409 Esmattpmaota.
1346 4347 1406 4411 (Per
1417 4346 1515 4401 'l'heon
1528 4354 1584 4405 lv.

290 4409 352 4471 poris
362 4409 430 4456 variis
439 4411 559 4460 celeritatis
570 4413 679 4477 gradibus
689 4412 733 4459 aeti
750 4414 788 4477 (ut
798 4413 824 4458 iu
837 4413 907 4472 Prop.
942 4411 972 4459 da
983 4410 1103 4471 Hypera)

290 4472 336 4534 V.)
355 4472 455 4535 idedque
474 4477 526 4538 (per
543 4478 619 4525 Corol.
642 4483 661 4524 Ι.
678 4477 747 4537 Prop.
763 4476 807 4537 V.)
826 4476 911 4523 veloci·
974 4475 1009 4538 (²¹)
1023 4478 1035 4506 ⁸
1048 4473 1112 4536 Ergl
1122 4490 1182 4522 urea
1192 4476 1215 4522 A
1225 4475 1299 4531 aaa,
1307 4477 1334 4523 1>
1345 4476 1415 4529 neu.
1424 4475 1504 4537 (378.
1516 4482 1580 4534 Lib.

289 4544 348 4585 ates
364 4535 464 4584 initiales
482 4540 567 4597 exponi
582 4550 679 4599 possunt
695 4556 736 4603 per
751 4540 825 4587 lineas
842 4541 866 4587 A
878 4540 909 4596 B,
943 4537 980 4599 1.)

291 4600 317 4649 D
329 4600 476 4662 &tempora
489 4616 530 4663 per
545 4602 685 4683 linessAs,
704 4604 762 4660 Dd,
779 4602 910 4653 saloninus
974 4600 1032 4666 (‘)⁸
1044 4603 1516 4667 ammonemur-imme.
1529 4611 1590 4676 (2.)
