3275 5650
251 432 312 489 316
526 474 532 483 .
563 410 902 487 PHILOSOPHIAE
924 416 1196 484 NATURALIS
1261 414 1369 494 [Mor.
1386 412 1537 476 Couron.

247 602 324 655 nant
337 590 418 655 inter
432 612 474 654 se.
520 590 572 655 sic
586 590 619 653 in
632 588 787 673 principio
802 588 883 674 signi
897 586 1047 673 Virginis,
1074 584 1130 648 nbi
1151 582 1311 667 aphelium
1332 581 1449 645 Martis
1466 581 1537 663 jam

247 709 397 775 versatur,
419 698 563 763 distantia
576 698 657 762 inter
671 698 762 761 orbes
779 698 892 761 Martis
907 708 938 759 et
952 696 1085 759 Veneris
1100 694 1202 758 estad
1216 692 1394 757 distantiam
1415 712 1537 755 eornn-
1558 763 1562 771 1

248 805 321 868 dem
344 804 468 868 orbium
489 804 523 869 iu
544 803 699 888 principio
720 803 806 894 signi
823 803 961 866 Piscium
974 812 1010 864 ut
1023 800 1083 865 tria
1096 799 1137 863 ad
1152 800 1217 863 duo
1232 798 1364 875 circiter,
1388 809 1420 860 et
1433 818 1543 881 prop·

247 922 333 974 terea
356 909 485 973 materia
509 909 633 973 vorticis
659 910 740 973 inter
764 909 856 972 orbes
878 908 947 971 illos
968 908 1002 969 in
1023 906 1176 991 principio
1193 906 1332 970 Piscium
1349 904 1441 968 debet
1463 925 1536 967 esse

194 1103 198 1107 Ι
246 1018 382 1083 velocior
397 1018 490 1104 quim
504 1019 537 1081 in
551 1019 704 1104 principio
718 1017 856 1103 Virginis
871 1017 908 1107 ζ’)
921 1018 953 1079 in
963 1015 1084 1079 ratione
1094 1015 1188 1078 trium
1203 1013 1245 1077 ad
1259 1013 1333 1077 duo.
1371 1012 1456 1075 Nam
1467 1033 1534 1096 quo

248 1130 407 1215 angustius
422 1142 470 1195 est
485 1130 620 1215 spatium
633 1152 691 1213 per
705 1128 789 1214 quod
812 1127 921 1191 eadem
940 1127 1078 1190 materiae
1100 1125 1255 1211 quantitas
1276 1123 1388 1187 eodem
1408 1122 1535 1185 revolu-

247 1238 339 1301 tionis
363 1239 456 1303 unius
479 1250 621 1322 tempore
643 1238 763 1313 transit,
788 1258 838 1310 eof
851 1236 962 1320 majori
984 1258 1057 1299 curn
1080 1233 1245 1297 velocitate
1269 1232 1402 1296 transire
1427 1232 1533 1294 debet.

247 1346 349 1432 Igitur
363 1347 389 1409 si
404 1346 505 1409 Terra
516 1348 549 1408 in
563 1345 623 1411 haic
637 1344 765 1409 materiai
781 1345 898 1408 coelesti
912 1343 1039 1407 relative
1060 1344 1222 1429 quiescens
1237 1344 1277 1406 ab
1292 1341 1329 1405 eir
1344 1330 1533 1415 deferretur,

247 1464 278 1515 et
300 1450 363 1515 unai
388 1453 470 1516 circa
494 1452 598 1517 Solem
627 1452 847 1527 revolveretur,
874 1451 908 1534 (¹)
932 1449 1014 1513 foret
1036 1449 1129 1533 hujus
1153 1448 1299 1512 velocitas
1322 1448 1355 1510 in
1377 1447 1536 1531 principio

248 1557 385 1621 Piscium
396 1558 436 1621 ad
447 1558 585 1643 ejusdem
595 1556 992 1641 velocitateminprincipio
1002 1556 1311 1645 Virginisinratione
1320 1554 1535 1641 sesquialteri.

248 1664 286 1747 (²)
303 1664 398 1729 Unde
412 1665 496 1729 Solis
511 1676 613 1729 motus
636 1665 765 1728 diurnus
787 1686 940 1748 apparens
954 1663 987 1725 in
1000 1663 1154 1748 principio
1169 1663 1308 1749 Virginis
1330 1664 1429 1746 major
1449 1674 1535 1725 esset

247 1768 340 1855 quim
354 1770 547 1834 minutorum
568 1771 741 1855 primorum
761 1770 967 1857 septuaginta,
991 1770 1073 1832 etin
1093 1769 1247 1853 principio
1270 1754 1407 1833 Piscium
1428 1768 1536 1845 minor

247 1874 340 1961 quim
355 1876 545 1939 minutorum
557 1876 762 1962 quadraginta
773 1888 861 1939 octo:
878 1874 989 1939 ctcdm
998 1889 1102 1938 tamen
1113 1873 1316 1957 (experientiis
1329 1875 1418 1953 teste)
1434 1896 1534 1957 appa·

247 2004 318 2044 rens
331 1982 388 2045 iste
402 1982 482 2046 Solis
491 1996 595 2045 motus
606 1983 705 2067 major
715 1982 754 2065 sit
766 1982 802 2044 in·
813 1982 967 2065 principio
980 1980 1117 2043 Piscium
1133 1978 1226 2063 quim
1241 1980 1273 2041 in
1284 1979 1440 2064 principio
1455 1980 1532 2042 Vir·

245 2087 337 2175 ginis,
363 2101 395 2152 et
408 2102 575 2173 propterea
590 2090 691 2154 Terra
706 2092 841 2157 velocior
855 2093 888 2154 in
901 2090 1056 2175 principio
1066 2089 1205 2176 Virginis
1221 2089 1313 2176 quim
1329 2091 1363 2153 in
1376 2092 1533 2175 principio

248 2196 395 2260 Piscium
444 2201 486 2281 (¹¹)
503 2198 611 2282 ltaque
632 2198 812 2283 hypothesis
830 2198 981 2261 vorticum
997 2220 1068 2261 cum
1085 2197 1299 2282 phaenomenis
1316 2200 1532 2263 astronomicis

247 2303 374 2364 omnino
387 2313 516 2386 pugnat,
539 2314 570 2363 et
584 2324 648 2364 non
663 2314 727 2365 tarn
741 2303 781 2366 ad
797 2303 998 2389 explicandos
1013 2301 1105 2389 qmim
1116 2301 1161 2367 'ad
1175 2304 1404 2387 perturbandos
1426 2319 1532 2371 motus

247 2408 387 2473 coelestes
403 2408 557 2471 conducit
614 2409 782 2485 Quomodo
804 2410 879 2475 verb
898 2422 1001 2475 motus
1022 2410 1073 2474 isti
1094 2412 1128 2473 in
1151 2412 1258 2495 spatiis
1282 2412 1388 2476 liberis
1410 2414 1532 2499 absque

245 2517 414 2581 vorticibus
428 2528 630 2605 peraguntur,
652 2520 782 2608 intelligi
803 2533 906 2605 potest
920 2544 959 2585 ex
975 2521 1074 2585 Libro
1092 2521 1204 2605 primo,
1227 2521 1305 2584 etin
1321 2522 1438 2585 Mundi
1455 2524 1532 2609 Sys-

247 2638 361 2691 temate
374 2625 496 2710 plenius
511 2626 681 2693 docebitur.

277 2811 385 2923 1fllia
400 2815 487 2863 ratione
502 2814 573 2864 trium
584 2817 615 2862 cd
625 2817 670 2864 due
688 2816 740 2880 (per
750 2823 798 2864 not.
811 2830 870 2877 prae-
903 2816 946 2865 Xr
962 2815 1106 2900 ”7³1²
1116 2823 1130 2864 a
1140 2834 1146 2865 r
1158 2820 1181 2892 2,
1192 2814 1256 2896 unde
1266 2814 1382 2896 invenitug
1393 2800 1531 2891 X·=1lM

249 2891 275 2924 ce
283 2877 315 3004 (⁸))
327 2945 340 2972 ⁰
353 2944 424 2990 Feret
434 2942 505 3004 trdus
515 2945 625 2991 rebehar-
659 2943 698 2990 Ex
710 2943 873 2992 observationi-
902 2880 1228 3010 {Ertiid'tpssw'ldpss
1236 2879 1384 2999 gg'prgrtndg
1395 2891 1439 2982 e-[lt
1450 2881 1479 2990 ill
1492 2881 1530 2989 Ξ

250 3005 469 3052 husastronomicis
485 3015 574 3053 constat
591 3007 688 3054 Terram
703 3007 764 3054 inter
775 3006 875 3055 Veneria
906 3008 981 3056 2841¹¹
991 3027 1027 3061 ν.-
1037 3007 1075 3056 47’
1084 3009 1117 3082 †
1130 3008 1180 3055 21‘'.
1217 3007 1283 3071 Ergd
1297 3007 1356 3054 Solis
1370 3018 1448 3055 motus
1464 3007 1531 3054 diur-

251 3076 276 3115 et
287 3069 371 3116 Martis
382 3072 447 3116 orbes
457 3070 553 3130 positam
565 3085 620 3117 esse.
905 3086 951 3120 nus
968 3087 1079 3132 apparens
1095 3087 1120 3117 m
1138 3070 1250 3132 principio
1263 3071 1366 3132 Virginis
1380 3072 1455 3134 maior
1469 3080 1531 3118 esset

284 3133 316 3195 (⁸)
338 3136 351 3163 *
374 3133 440 3182 Urutl
460 3136 516 3182 Solis
536 3143 610 3182 motus
631 3137 731 3184 diurnus
749 3151 867 3196 amareris.
901 3135 972 3198 quim
988 3136 1134 3182 minutorum
1153 3135 1282 3196 primorum
1292 3135 1445 3196 sepmeginta.
1462 3144 1487 3182 et
1500 3135 1531 3182 in

254 3195 304 3242 Hic
325 3203 403 3243 motus
424 3206 458 3243 est
478 3197 579 3258 angulus
595 3213 665 3260 quem
684 3199 732 3254 Sol,
754 3199 824 3246 radiis
841 3198 872 3246 ad
903 3199 1017 3262 principio
1028 3199 1131 3248 Piscium
1139 3200 1216 3246 minor
1223 3198 1294 3260 quim
1301 3199 1446 3246 minmorum
1453 3198 1530 3260 quad.

253 3259 351 3306 Terram
367 3257 450 3316 ductis,
472 3261 565 3321 proprio
582 3270 648 3308 motu
666 3265 695 3309 ab
713 3261 832 3310 occidente
847 3263 873 3310 in
903 3264 995 3327 regium
1015 3273 1083 3320 octo;
1107 3261 1162 3309 chm
1184 3273 1262 3309 tamen
1282 3278 1311 3309 ex
1332 3263 1530 3309 observationibus

251 3323 364 3370 orientem
381 3339 521 3386 unoquoque
536 3324 575 3372 die
590 3325 716 3373 describere
732 3326 799 3373 nobis
810 3326 873 3374 ride·
903 3327 1062 3374 esnonomicis
1079 3326 1119 3374 Sol
1131 3328 1156 3372 in
1167 3327 1280 3386 principio
1291 3325 1397 3386 Virginis
1407 3341 1421 3372 e
1432 3325 1529 3373 Tellure

252 3394 299 3439 tur,
319 3400 388 3446 quem
406 3387 501 3448 quidem
523 3389 637 3450 angulum
656 3390 735 3445 Terra,
758 3389 828 3436 radiis
842 3389 874 3438 ad
904 3391 968 3438 risus
985 3399 1052 3438 motu
1072 3390 1158 3437 diurno
1179 3390 1292 3436 conticere
1311 3389 1416 3436 videatur
1433 3390 1529 3437 minuta

254 3449 333 3494 Solem
344 3449 427 3505 ductis,
443 3451 468 3496 in
479 3452 597 3512 hypothesi
611 3452 759 3513 Copernicei,
771 3454 870 3502 coniicit.
904 3456 1021 3516 primasii
1034 3452 1127 3502 mutim
1146 3454 1170 3499 iu
1186 3453 1299 3512 principio
1316 3453 1421 3500 Piscium
1436 3453 1529 3502 minuta

255 3509 330 3560 Porrd
340 3513 485 3562 notissimum
497 3514 536 3566 e'st,
548 3515 661 3562 circulum
672 3517 739 3563 illum
749 3531 819 3579 quem
833 3516 875 3566 sol
904 3520 980 3581 prima
990 3523 1022 3566 60
1032 3533 1073 3564 seu
1084 3515 1182 3578 gradum
1194 3531 1277 3562 unum.

253 3575 314 3622 inter
331 3574 389 3622 tiras
406 3587 473 3624 moto
489 3591 569 3625 annuo
585 3579 712 3626 describere
731 3581 827 3634 videtur,
843 3583 874 3628 ab
937 3581 972 3644 (¹¹)
991 3585 1004 3612 ⁰
1016 3584 1099 3642 rtaqw
1113 3581 1237 3640 hypothecis
1252 3583 1370 3628 corticum.
1407 3580 1528 3636 Quoniam

253 3639 390 3686 astronomis
408 3639 480 3687 dividi
498 3641 524 3686 in
537 3651 612 3700 partes
628 3641 750 3690 duodecim
766 3643 873 3704 aequales,
906 3644 997 3693 voru‘cis
1012 3643 1108 3690 materia
1122 3643 1221 3690 circulos
1231 3642 1338 3692 describit
1348 3645 1458 3706 tequetori
1474 3660 1526 3691 vor-

253 3719 294 3750 seu
306 3703 372 3765 signa
382 3717 481 3763 quorum
492 3705 542 3752 hac
552 3705 601 3752 duo
612 3705 686 3768 Virgo
697 3715 720 3753 et
732 3707 809 3754 Pisces
820 3717 876 3754 sunt
905 3707 957 3755 tici·
977 3706 1106 3768 parallelos,
1130 3721 1223 3754 necesse
1238 3698 1279 3754 'est
1300 3712 1351 3770 (per
1371 3709 1432 3756 hanc
1452 3709 1524 3767 Prop.

253 3766 461 3827 directeopposita,
480 3767 618 3815 itiutdurn
631 3770 738 3817 Terrain
751 3772 873 3832 hypothesi
905 3771 997 3832 LIII.)
1015 3780 1043 3818 ut
1059 3770 1158 3831 planetae
1178 3786 1260 3818 omnes
1280 3771 1384 3818 ferantur
1403 3772 1428 3817 in
1445 3772 1527 3819 orbitis

256 3831 385 3890 Copemici,
406 3843 440 3877 ear
450 3833 474 3879 in
485 3832 598 3892 principio
615 3833 725 3890 Piscium,
746 3835 787 3882 Sol
801 3851 873 3896 appa-
904 3836 1014 3897 equitari
1029 3834 1150 3895 parallelis,
1166 3834 1206 3881 sed
1222 3837 1366 3882 observatum
1382 3843 1417 3882 est
1431 3835 1526 3882 nullum

253 3893 336 3940 reatin
348 3894 460 3954 principio
471 3896 577 3958 Virginis
592 3907 616 3944 et
631 3897 718 3944 contri.
756 3897 818 3946 Ciun
829 3900 873 3961 igi·
904 3899 1022 3960 planetam
1039 3899 1064 3944 in
1083 3898 1158 3946 orbiti
1176 3899 1286 3960 equaturi
1304 3898 1413 3959 parallelo
1431 3899 1525 3946 revolu-

253 3967 292 4004 tur
302 3957 420 4020 angularis
436 3959 544 4006 velocitas
555 3959 634 4008 Terrae
650 3961 675 4006 in
691 3961 804 4022 principio
822 3963 874 4010 Pis-
905 3964 980 4010 tiones
990 3979 1043 4010 suaa
1053 3963 1176 4020 absolvere,
1195 3972 1219 4008 et
1229 3972 1330 4009 cometas
1339 3964 1407 4008 variis
1417 3962 1525 4009 directio-

254 4021 317 4067 cinm
328 4023 358 4068 sit
368 4021 398 4068 ad
413 4023 464 4084 ejus
478 4023 766 4087 velocitatemangularem
776 4027 800 4071 in
811 4027 875 4088 priu-
905 4028 975 4074 nibus
990 4028 1016 4072 in
1034 4042 1114 4073 omnes
1129 4026 1181 4072 coeli
1195 4027 1275 4088 plagas
1290 4027 1349 4072 ferri
1383 4025 1474 4073 Eadem
1490 4036 1526 4074 est

254 4085 315 4144 cipio
334 4085 439 4146 Virginis
454 4095 481 4133 ut
492 4093 506 4133 8
517 4088 547 4134 ad
563 4093 586 4144 2,
608 4088 668 4135 Solis
684 4097 761 4136 motus
776 4089 875 4138 diurnus
906 4090 1030 4138 difficultas
1044 4090 1064 4136 si
1079 4105 1120 4151 per
1136 4091 1182 4137 vim
1199 4090 1352 4153 cenuiiuganr
1362 4092 1462 4150 partium
1474 4105 1526 4136 vor-

254 4163 367 4208 apparens
385 4151 410 4194 in
428 4150 540 4212 principio
551 4151 658 4213 Virginis
672 4161 707 4199 est
722 4152 752 4199 ad
763 4154 813 4218 ejus
823 4170 874 4200 mo-
894 4155 957 4202 —ticia
967 4155 1094 4215 explicetur
1104 4154 1139 4200 vis
1149 4154 1274 4214 centripeta
1284 4171 1325 4201 seu
1333 4154 1433 4216 gravitas
1442 4169 1524 4214 corpo.

254 4219 305 4257 turn
316 4223 463 4272 apparentem
474 4214 498 4260 iu
510 4215 622 4276 principio
639 4215 743 4264 Piscium
753 4216 778 4262 in
793 4216 874 4265 eisdem
906 4234 960 4266 rum
981 4235 1035 4280 qma
1056 4217 1086 4266 ad
1106 4233 1174 4264 axem
1195 4218 1286 4264 vorticis
1305 4217 1526 4278 perpendiculariter

254 4275 443 4327 mfioneaada
479 4278 539 4326 Solis
552 4289 631 4326 motus
648 4279 746 4326 diurnus
764 4295 875 4342 apperens
906 4282 1000 4329 tendere
1010 4282 1128 4336 deberent,
1145 4296 1192 4328 non
1204 4280 1259 4330 verb
1270 4281 1300 4329 ad
1311 4281 1402 4328 vorticis
1418 4294 1525 4330 centrum

255 4338 346 4385 medius
362 4350 397 4388 est
413 4341 558 4390 minutorum
576 4343 705 4403 primorum
716 4350 748 4393 59
758 4354 782 4390 et
792 4361 874 4392 secuu-
891 4345 993 4408 dirigi·
1020 4346 1064 4393 Sed
1076 4346 1105 4392 de
1115 4346 1152 4392 bis
1162 4345 1214 4391 vide
1227 4346 1288 4392 Acta
1299 4345 1393 4393 Erudit.
1407 4345 1470 4406 Lips
1485 4362 1523 4392 an.

254 4400 338 4476 dorum
353 4409 375 4456 8,
396 4421 437 4452 seu
453 4407 608 4453 secundorum
618 4412 689 4465 ³548,
707 4409 747 4469 qui
764 4424 876 4456 numerus
909 4415 977 4456 1686.
996 4421 1019 4456 et
1038 4414 1124 4467 1695.;
1148 4409 1230 4456 Diaria
1248 4411 1342 4456 Erudit.
1365 4415 1433 4457 1703.
1455 4415 1524 4457 1707.

254 4464 345 4540 dicatur
355 4467 399 4524 M3
417 4468 488 4531 quare
504 4469 523 4517 ri
541 4470 600 4517 Solis
610 4481 687 4519 motus
698 4471 795 4518 diurnus
806 4489 875 4533 appa-
908 4474 1066 4520 Monumenta
1085 4473 1157 4520 Acad.
1174 4473 1248 4530 Paris.
1263 4479 1331 4524 1709.
1347 4474 1527 4521 Dissertatiunes

254 4543 308 4575 rens
317 4544 342 4575 m
353 4531 466 4590 principio
478 4533 589 4595 Virginis,
602 4545 701 4594 ponatur
710 4555 745 4582 ==
758 4537 786 4583 M
796 4539 828 4600 -l-
841 4537 874 4592 X,
908 4537 992 4584 clariss.
1005 4538 1113 4600 Hugenii
1124 4548 1149 4584 et
1161 4537 1301 4602 Bulffingeri
1310 4538 1341 4587 de
1353 4535 1431 4592 causi
1443 4536 1528 4591 erari·

169 4651 172 4656 Ι
254 4592 313 4640 etin
324 4594 436 4655 priucipio
454 4597 556 4644 Piscium
567 4617 602 4644 =
615 4599 644 4646 Μ
654 4626 687 4640 -
700 4601 733 4657 Χ,
745 4601 789 4647 erit
799 4601 829 4647 M
841 4603 873 4664 -Ι-
906 4603 967 4649 tatis.

717 4747 813 4796 FINIS
831 4747 926 4799 ΤΟΜῙ
950 4747 1117 4814 SECUNDI.
